2626 5228
99 35 1305 385 u

902 421 907 435 Ι

508 872 753 942 PRAEFATIO.
1144 877 1165 949 3

99 1001 199 1085 soleo,
214 1012 279 1069 tam
294 1024 413 1092 paucos
427 1002 626 1094 literatorum
640 1004 812 1067 hominum
826 993 998 1088 exstitisse,
1017 1009 1074 1094 qui
1089 1031 1163 1074 ver·

99 1111 238 1175 severint
250 1109 473 1176 Lucretianam
487 1108 644 1174 Naturam
659 1115 769 1186 rerum
781 1135 790 1193 ;
805 1125 869 1174 tam
884 1135 1018 1199 paucos,
1032 1116 1088 1202 qui
1102 1140 1163 1204 pro

100 1218 222 1281 meritis
247 1215 393 1282 admirati
420 1218 485 1281 sint
513 1216 669 1282 artificem
694 1217 861 1281 Musarum
887 1223 1166 1287 consummatissi-

100 1345 209 1405 mum,
226 1341 347 1413 etpost
361 1325 505 1388 Ennium
518 1324 631 1412 (cujus
648 1346 785 1413 operum
796 1325 919 1405 jactura
933 1328 1052 1392 vulnus
1068 1331 1166 1420 louge

99 1429 292 1495 altissimum
302 1445 334 1496 et
343 1429 578 1495 immedicabile
588 1453 720 1518 prorsus
731 1430 1082 1520 philologioeinflictum
1093 1437 1166 1525 est),

99 1535 220 1599 Latinae
238 1543 375 1624 poeseos
396 1551 562 1624 parentem
581 1558 589 1600 :
608 1533 665 1599 sed
685 1535 787 1599 miror
803 1536 1047 1620 vehementius,
1071 1541 1167 1605 etiam

100 1663 222 1727 paucos
235 1642 324 1705 exiis
336 1642 449 1729 paucis
461 1640 604 1705 indolem
618 1640 692 1729 styli
704 1642 887 1706 Lucretiani
900 1651 1101 1733 percepisse:
1114 1648 1167 1711 rix

101 1746 206 1829 enim,
226 1744 427 1812 confidenter
444 1747 578 1833 loquor,
606 1746 657 1810 rel
675 1769 761 1811 unus
778 1749 958 1836 reperietur
980 1751 1167 1817 criticorum

102 1851 252 1917 doctrina·
267 1853 572 1934 celeberrimorum,
590 1854 648 1941 qui
661 1851 790 1918 felicem
806 1855 839 1918 in
857 1869 933 1920 eum
950 1858 1169 1944 conjecturam

102 1958 299 2045 periclitatus
316 1961 380 2024 sit:
398 1958 487 2047 quod
504 1960 538 2022 in
556 1959 663 2048 operis
680 1956 836 2043 decursu,
857 1977 889 2027 et
907 1963 1047 2028 maxime
1064 1964 1170 2030 incre·

103 2063 201 2147 dulis,
219 2065 429 2154 liquidissime
443 2065 575 2154 patebit.

147 2171 318 2255 Ceterum,
343 2187 380 2235 ut
404 2194 474 2235 mee
492 2172 527 2234 in
550 2171 614 2235 hoc
632 2169 741 2235 officio
765 2171 924 2261 explendo
942 2175 1085 2240 subsidia
1104 2178 1172 2241 sin-

104 2280 237 2372 gillatim
255 2301 451 2367 persequar;
474 2278 642 2359 Lucretius
663 2294 773 2343 noster
792 2280 936 2368 primum
956 2298 1032 2372 post
1046 2301 1172 2350 renatas

102 2390 208 2452 literas
233 2386 317 2474 typis
341 2384 509 2473 evulgatus
534 2399 582 2448 est
600 2384 758 2466 Bresciae,
782 2406 840 2472 per
861 2386 1071 2468 Ferendum,
1103 2387 1174 2452 sine

103 2494 180 2559 anni
200 2491 364 2557 mentione
383 2490 456 2556 :de
480 2510 547 2578 quo
567 2489 651 2553 libro
676 2492 784 2555 tamen
808 2491 953 2557 inaudivi
976 2510 1105 2558 tantum
1129 2493 1170 2558 ab

103 2600 294 2665 hominibus
312 2620 422 2662 rerum
440 2595 763 2686 typographicarum,
786 2612 818 2661 et
834 2598 1066 2688 exemplarium
1082 2616 1173 2664 vete-

103 2729 200 2788 rum,
219 2703 463 2768 callentissimis.
490 2703 634 2783 Huiusce
655 2700 806 2767 editionis
825 2726 868 2767 ne
887 2727 992 2770 unum
1010 2705 1174 2795 exemplar

104 2810 238 2900 quidem
251 2811 284 2872 in
299 2809 414 2897 Anglia
429 2808 582 2874 asservari
596 2807 759 2872 creditur:
774 2826 807 2874 et
821 2807 861 2873 de
872 2810 926 2874 illa
941 2810 1022 2876 nihil
1034 2811 1174 2900 amplius

103 2917 262 3006 comperti
286 2931 407 2980 memet
428 2914 549 2979 habere
572 2914 685 2979 fateor.
703 2915 825 2979 Lucem
848 2914 967 2982 vidisse
983 2917 1175 3006 perhibetur

103 3025 189 3088 circa
207 3044 331 3087 annum
350 3023 460 3086 salutis
478 3021 741 3109 nccccsxx11(1).

148 3129 258 3196 Editio
274 3129 433 3211 secunda,
448 3130 483 3192 in
503 3129 599 3212 folio,
610 3149 682 3217 quae
691 3130 789 3218 vulgo
801 3130 952 3219 princeps
965 3132 1174 3213 existimatur,

105 3232 147 3297 ad
166 3235 283 3298 calcem
301 3235 347 3298 sic
365 3235 519 3323 inscripta
538 3251 609 3298 est:

195 3373 231 3437 Τ.
247 3372 388 3436 Lucretii
406 3374 495 3452 Cari,
509 3388 612 3461 poetae
629 3362 881 3463 philosophique
895 3375 1108 3464 antiquissimi

197 3478 246 3542 De
261 3500 370 3541 rerum
390 3474 569 3566 primordia
588 3491 702 3541 natura
718 3475 760 3543 ad
774 3478 966 3546 Memmium

194 3584 291 3648 Liber
303 3599 412 3648 sextus
430 3599 463 3647 et
478 3583 610 3647 ultimus
626 3582 755 3671 explicit
772 3584 926 3651 foeliciter.
993 3599 996 3611 '

196 3684 318 3750 Paulus
337 3685 425 3749 hunc
444 3685 605 3774 impressit
623 3684 856 3774 Frr'denperger
868 3687 901 3750 in
919 3685 956 3752 V
951 3711 1064 3770 crona,

195 3792 261 3876 Qui
281 3792 408 3880 genitus
425 3806 474 3855 est
491 3792 526 3854 in
549 3786 689 3856 Patavt'a
704 3791 779 3857 Alce
797 3815 923 3880 magnae
936 3790 996 3882 (a)

196 3898 248 3962 Ab
263 3897 485 3962 incarnatione
500 3897 642 3964 Christi:
660 3921 882 3964 mccccuxxvr

194 4004 255 4067 Die
268 4003 425 4091 vigesimo
441 4019 555 4068 octavo
570 4004 762 4093 septembris
779 4004 880 4070 calen.
898 4005 1049 4070 octobris.

109 4147 217 4229 Quam
240 4145 282 4210 sit
300 4145 392 4209 omni
412 4156 529 4233 genere
551 4146 810 4234 corruptelarum
833 4147 1061 4212 refertissimus
1087 4147 1178 4212 hicce

106 4252 202 4332 liber,
215 4252 362 4340 apprime
371 4267 481 4315 tamen
493 4251 694 4332 utilissimus,
707 4268 817 4317 nostra
829 4253 1008 4318 lectionum
1021 4253 1181 4317 variarum

144 4425 187 4492 (ι)
203 4429 240 4474 De
251 4424 416 4476 &reditione
425 4425 482 4474 vide
492 4426 556 4475 inin
565 4426 591 4474 in
601 4425 713 4475 liccem
722 4427 858 4476 editionum
870 4445 896 4493 p.
909 4444 954 4491 9²·

145 4509 185 4577 (a)
201 4511 267 4561 Vide
284 4510 347 4560 inin
364 4511 392 4560 in
412 4513 526 4561 Recsntu
551 4512 688 4562 editionum
704 4529 731 4578 p.
745 4513 788 4574 9³.
