2626 5228
470 821 715 890 PRAEFATIO.
1087 820 1131 892 15

10 1031 11 1039 ἵ
62 962 162 1034 atque
181 945 216 1010 in
233 943 436 1025 Lucretium,
464 957 521 1007 aut
538 965 636 1034 quem
655 940 891 1028 corruptiorem
915 939 1002 1005 docti
1022 959 1133 1011 terunt

10 1123 11 1136 ,
62 1051 235 1117 arbitrariis
252 1049 498 1116 emendatorum
518 1047 832 1137 interpolationibus.
847 1048 934 1128 Nos,
948 1049 1133 1115 auctoritati

10 1143 12 1162 i
61 1159 221 1223 librorum
246 1160 461 1246 scriptorum,
488 1177 551 1243 qua
570 1154 759 1243 potuimus,
789 1169 821 1217 et
846 1153 951 1217 Latini
974 1157 1134 1220 sermonis

10 1260 11 1266 '
60 1265 192 1328 sincerae
216 1266 302 1355 leges
320 1264 483 1343 sinerent,
511 1259 649 1325 fideliter
671 1260 837 1359 obsecuti,
863 1276 895 1323 et
913 1260 1051 1326 subinde
1068 1285 1135 1363 ,per

60 1371 196 1436 leviores
215 1394 254 1436 ex
271 1370 403 1461 ingenio
426 1368 641 1449 mutationes,
662 1365 702 1430 de
722 1366 902 1430 rationibus
919 1366 960 1430 ad
981 1366 1132 1434 codicum

60 1479 192 1568 vestigia
224 1478 465 1566 religiosissime
492 1472 680 1554 subductis,
707 1471 927 1537 timidiuscule
952 1477 1133 1564 progressi,

60 1582 306 1672 depravationes
326 1585 513 1648 innumeras
530 1580 731 1671 profligasse,
749 1603 786 1645 ac
805 1596 988 1656 venustates
1006 1605 1132 1647 sermo·

60 1690 110 1753 nis
125 1713 223 1778 quam
239 1688 608 1778 plurimas,dem0rtuas
618 1686 715 1776 plane
726 1684 1132 1774 conclamatasque,immo

59 1794 242 1884 deperditas
259 1811 292 1860 et
307 1793 505 1870 obliteratus,
525 1794 767 1882 nobismetipsis
790 1793 902 1856 saltem
921 1791 1070 1858 videmur
1085 1817 1134 1858 re·

58 1902 235 1966 suscitasse.
259 1901 375 1988 Neque
392 1901 478 1965 enim
496 1885 619 1965 interea
633 1922 700 1963 non
718 1921 816 1986 opere
835 1922 963 1962 summo
981 1900 1132 1965 cavebam

59 2032 187 2098 semper
213 2009 254 2073 ab
281 2009 333 2073 illa
359 2011 537 2074 temeritate
564 1993 768 2096 corrigendi,
798 2030 897 2094 quam
927 2007 1133 2073 vitiosissime

58 2115 210 2202 usurpari
234 2113 430 2203 quibusdam
453 2114 592 2179 Lucretii
617 2112 796 2178 editoribus
817 2112 1132 2196 animadvertebam,

59 2238 92 2284 et
104 2222 195 2286 nolui
206 2221 428 2302 committere,
447 2237 486 2285 ut
500 2221 533 2284 in
547 2221 608 2285 hac
622 2220 861 2307 vituperatione
871 2220 1132 2286 inconstantissi-

57 2348 132 2390 mus
147 2328 295 2391 omnium
309 2327 530 2391 homunculus
541 2326 693 2406 haberer5
706 2343 739 2390 et
750 2349 787 2389 ea
797 2327 1022 2414 reprehensio,
1032 2348 1131 2415 quarn

57 2433 221 2521 prioribus
236 2431 335 2497 ‘haud
362 2432 584 2497 dubitaveram
612 2428 753 2512 illinere,
780 2431 815 2495 in
842 2448 941 2520 caput
959 2433 1131 2522 proprium

58 2539 168 2603 denuo
192 2539 359 2604 recideret.

102 2646 273 2725 Ceterum,
290 2644 330 2709 de
351 2643 591 2711 commentariis
610 2643 709 2724 meis,
732 2665 816 2731 quos
834 2643 944 2708 multis
962 2645 1077 2732 vigiliis
1099 2663 1132 2710 et

56 2751 208 2838 improbo
220 2749 329 2815 studio
342 2751 510 2833 contexui,
523 2751 685 2838 praecipua
701 2750 781 2813 mihi
795 2750 932 2820 felicitas
946 2753 1131 2840 continget,

58 2873 158 2942 atque
174 2856 348 2944 propositi,
367 2855 458 2944 quod
480 2856 591 2920 animo
617 2878 745 2943 semper
768 2878 854 2919 eram
878 2858 1131 2946 contemplatus,

57 2977 139 3025 tunc
154 2961 289 3027 demum
306 2986 443 3051 compos
462 2961 557 3043 liam,
576 2962 602 3025 si
620 2963 762 3025 rationes
778 2961 825 3026 sic
840 2960 977 3026 videbor
993 2964 1026 3025 in
1046 2965 1132 3028 notis

57 3069 291 3134 concinnandis
306 3069 487 3158 prudenter
502 3085 747 3156 attemperasse,
766 3084 805 3131 ut
825 3088 876 3131 eas
901 3091 961 3133 nec
979 3068 1068 3133 docti
1086 3070 1132 3134 sa-

57 3172 209 3257 stidiant,
226 3193 259 3240 et
273 3176 455 3264 intelligant
471 3176 595 3241 tirones
611 3175 795 3256 fructuose3
818 3189 914 3262 atque
936 3175 1014 3239 hinc
1031 3162 1129 3253 adeo,

58 3278 153 3342 sicuti
170 3281 216 3344 ait
229 3281 300 3361 ille,
315 3282 448 3369 utrique
463 3283 510 3345 rei
528 3282 665 3346 scienter
681 3282 937 3363 occucurrerim,
952 3299 990 3346 ut
1007 3282 1129 3347 mederi

58 3383 181 3471 possim
207 3408 309 3472 quum
335 3386 490 3468 satietati,
513 3403 584 3451 tum
606 3386 796 3474 ignorantias
818 3386 989 3453 lectorum.
1014 3390 1129 3471 Quan-

58 3489 163 3553 tillum
176 3490 319 3579 denique
331 3491 373 3555 sit
386 3490 485 3573 illud,
507 3489 596 3578 quod
613 3490 773 3557 indelessa
787 3491 954 3582 diligentia
970 3496 1129 3584 consequi

55 3590 227 3675 valuerim,
239 3593 340 3681 probe
351 3594 436 3662 scio:
447 3615 508 3657 nec
518 3609 626 3656 tamen
636 3592 735 3656 animi
740 3592 914 3679 judicium,
926 3613 1128 3664 sacramento

55 3695 220 3763 litemrum
235 3700 414 3764 liberalium
428 3699 570 3789 legitime
582 3699 733 3788 obligati,
752 3718 785 3765 et
799 3700 1008 3766 humanitatis
1020 3701 1129 3800 pleni²

55 3805 285 3887 reformidem,
301 3828 408 3894 neque
424 3807 468 3871 ita
487 3828 560 3870 suni
575 3805 724 3894 profecto
738 3807 779 3871 ab
800 3808 891 3887 omni
908 3806 1011 3872 landis
1027 3832 1128 3897 appe·

55 3909 172 3974 titione
187 3909 331 3994 alienus,
351 3929 391 3976 ut
406 3935 474 3976 non
493 3910 586 3976 valde
599 3912 730 4000 cupiam
746 3911 898 3976 secundae
913 3911 1037 4000 aliquid
1055 3915 1128 4002 opi·

55 4017 164 4080 nionis
178 4017 327 4081 mihimet
337 4010 513 4105 acquirere.
529 4015 693 4081 Lividulos
706 4033 816 4081 autern
833 4040 984 4083 censores
997 4035 1128 4085 nostros

55 4123 138 4186 nihil
164 4146 292 4204 moror;
315 4122 483 4205 homines,
505 4123 589 4188 veris
612 4122 713 4187 literis
738 4139 797 4187 aut
811 4123 924 4189 leviter
942 4141 1127 4206 contactos,

54 4245 130 4311 aut,
146 4251 226 4316 quas
241 4229 452 4317 arripuerint,
472 4229 577 4318 pravis
591 4229 762 4294 aflectibus
776 4229 1029 4297 dehonestantes
1046 4252 1054 4294 τ
1070 4231 1126 4318 qui

54 4333 228 4399 doctorum
240 4350 393 4415 conatus,
409 4333 471 4399 illis
487 4332 743 4423 displicentium,
759 4348 798 4399 ex
811 4336 959 4424 professo
976 4333 1128 4410 deomant

55 4439 255 4528 deprimere,
285 4455 319 4504 et
344 4438 492 4506 fovendis
512 4438 778 4528 honorandisque
803 4440 973 4504 Musarum
999 4437 1126 4505 asseclis
1202 4516 1207 4523 .
