2626 5228
476 847 722 916 PRAEFATIO.
795 833 796 837 ‘
1108 865 1133 937 9

61 967 266 1050 adhibuisse;
288 990 391 1055 quum
417 969 531 1056 saepius
557 969 752 1032 imitationes
779 966 926 1055 priorum
961 979 1134 1052 poetarum

62 1075 201 1164 margini
217 1073 378 1156 alleverit,
397 1074 556 1138 lambino
574 1089 607 1138 et
625 1074 692 1138 aliis
705 1075 772 1159 jam
791 1071 917 1137 dudum
938 1088 1131 1162 occupatas,

62 1202 138 1243 cum
167 1180 246 1244 locis
278 1178 475 1269 quibusdam
506 1181 661 1269 Diogenis
688 1180 805 1245 Laertii
835 1182 1023 1270 pervagatis.
1053 1176 1133 1242 ani-

62 1285 303 1349 madversiones
319 1286 445 1373 itaque,
469 1307 549 1372 quas
571 1285 624 1349 ille
641 1285 831 1374 coryphaeus
847 1287 1032 1350 criticorum
1056 1283 1134 1349 sub·

62 1391 138 1455 inde
166 1391 338 1480 sparserit,
370 1414 437 1454 non
472 1405 564 1454 erant
595 1391 755 1455 severiore
787 1390 910 1471 judicio
944 1413 1131 1482 perpensae,

62 1496 252 1561 secundisve
270 1497 522 1587 cogitationibus
547 1512 729 1579 maturatae3
754 1499 787 1561 in
811 1522 879 1562 uno
900 1516 1007 1565 autern
1033 1513 1133 1585 atque

61 1604 163 1667 altero
181 1602 254 1666 loco
271 1625 330 1690 per
345 1626 499 1685 acumen,
519 1626 593 1668 vere
612 1604 854 1686 Bentleianum,
871 1605 962 1694 quasi
978 1604 1132 1669 divinitus

61 1709 110 1772 vir
126 1729 274 1771 summus
288 1731 357 1772 rem
372 1707 553 1797 expedivit:
567 1731 637 1796 quae
650 1732 712 1773 sno
721 1725 866 1799 tempore
877 1709 1137 1798 comparebunt;

62 1841 138 1882 nam
156 1814 431 1907 supervacaneum
452 1837 521 1879 esse
540 1815 750 1897 arbitramur,
773 1816 941 1880 immorari
959 1816 1075 1896 rebus,
1099 1814 1133 1877 in

60 1926 167 2011 operis
181 1925 317 1990 decursu
335 1922 465 1987 lectoris
479 1920 671 1985 sententiam
690 1923 846 1987 subituris
862 1947 869 1987 :
888 1945 988 2010 quam
1004 1920 1131 2009 ubique

61 2029 224 2094 liberrime
238 2023 409 2094 de'nostris
425 2028 565 2090 exerceri
583 2026 729 2091 velimus.

106 2132 259 2200 Codicem
275 2136 480 2198 chartaceum
496 2155 595 2196 manu
613 2134 789 2222 scriptum,
806 2133 954 2215 infolio,
973 2132 1127 2196 nitidissi-

61 2264 170 2323 mum,
191 2258 378 2319 vetustum,
398 2256 431 2304 et
449 2239 579 2328 optimae
597 2256 699 2319 notae,
723 2264 826 2329 quum
844 2241 931 2305 solus
951 2239 1128 2328 castigatis·

60 2346 149 2410 simis
170 2362 202 2411 et
218 2345 447 2434 antiquissimis
464 2345 699 2433 exemplaribus
717 2347 907 2435 saepiuscule
927 2345 1127 2425 consentiat,

60 2475 99 2515 ex
123 2453 253 2542 publica
275 2453 472 2517 bibliotheca
496 2452 577 2515 mihi
598 2438 688 2517 Alina
716 2453 830 2535 Mater,
850 2452 1015 2542 quondam
1040 2473 1128 2532 mea,

60 2559 232 2626 Academia
246 2559 536 2649 cantabrigiensis,
556 2559 834 2625 subministravit:
853 2583 931 2649 opes
948 2583 1021 2624 suas
1039 2557 1128 2623 haud

60 2664 208 2730 invidens
225 2666 378 2750 eruditis;
395 2689 521 2754 neque,
538 2683 577 2730 ut
592 2689 685 2731 soror
703 2667 772 2746 ejus
791 2667 1003 2748 Oxoniensis,
1023 2688 1128 2730 exem·

59 2771 116 2858 plo
133 2773 228 2838 nimis
246 2772 488 2855 erubescendo,
506 2773 673 2838 thesauros
688 2773 837 2857 Museos,
862 2774 918 2862 qui
937 2772 1071 2850 debent,
1092 2789 1128 2836 ut

60 2899 116 2941 aer
135 2895 167 2944 et
183 2881 252 2962 sol,
275 2880 427 2944 omnibus
447 2902 638 2944 communes
662 2903 749 2962 esse,
773 2881 912 2970 propriis
932 2880 1126 2970 parietibus,

60 2983 218 3070 (inclusos
235 2987 358 3066 dicam,
374 3009 415 3050 an
431 2986 558 3051 abditos
571 3009 608 3051 ac
623 2987 766 3075 sepultos
777 2987 803 3074 Ρ)
821 2988 854 3050 in
870 3003 1027 3050 aeternum
1043 3008 1125 3050 con·

60 3089 175 3155 tinens.
198 3093 260 3157 llic
284 3108 394 3157 autem
413 3092 515 3156 codex
536 3093 613 3156 olim
632 3108 701 3157 erat
722 3092 908 3157 Askevianae
924 3092 1128 3156 bibliothecae

59 3203 211 3278 κειμήλιον·
224 3196 312 3261 unde
330 3197 436 3285 pretio
453 3197 592 3263 redemit
603 3195 786 3263 Academia.
802 3199 1041 3265 Tractationenr
1059 3197 1128 3277 ejus

62 3297 141 3362 mihi
159 3302 340 3389 impetravit
355 3303 476 3367 amicus
492 3326 603 3386 meus,
624 3326 751 3392 semper
764 3327 802 3369 ac
818 3306 956 3368 maxime
972 3303 1128 3368 colendus

60 3404 305 3494 amandusque,
319 3408 691 3473 RoaanrusTrnwum.
1108 3488 1112 3500 ι

104 3511 290 3595 Secundus,
308 3513 387 3577 mihi
401 3512 554 3595 collatus,
568 3513 631 3577 Ma.
646 3513 749 3578 codex
763 3515 797 3579 in
813 3515 930 3580 Museo
941 3516 1127 3582 Britannico

58 3633 217 3700 servatur3
232 3619 335 3683 forma
352 3621 485 3684 minima
494 3668 504 3699 ,
520 3619 801 3705 membranaceus,
821 3621 957 3711 pulchre
973 3624 1127 3711 scriptus,

58 3720 165 3784 saeculi
177 3744 228 3785 xv.

100 3823 222 3889 Eadem
236 3826 433 3895 bibliotheca
446 3828 694 3893 instructissima
706 3830 785 3894 mihi
801 3830 933 3895 tertium
946 3834 1127 3921 exemplare

56 3930 119 3995 Ms.
136 3934 236 3997 aetatis
254 3936 398 4021 ejusdem
417 3958 492 4000 cum
510 3936 637 4023 priore,
655 3936 890 4027 suppeditavit,
905 3939 1125 4024 chartaceum,

57 4034 247 4122 in-quarto;
280 4043 337 4129 qui
366 4041 475 4106 deficit
498 4057 605 4104 tamen
636 4041 808 4109 infeliciter
835 4071 911 4113 cum
940 4073 1036 4115 versu
1062 4049 1125 4114 232

57 4139 131 4204 libri
152 4142 207 4208 VI.
227 4147 334 4212 Scatet
356 4147 520 4213 erroribus
542 4147 727 4234 scriptionis
750 4150 853 4218 codex
877 4157 937 4220 iste
959 4156 1128 4245 plurimis,

57 4245 114 4310 sed
130 4251 369 4342 orthographiae
389 4254 574 4319 vetustioris
593 4276 658 4341 prae
677 4258 792 4322 ceteris
811 4261 985 4346 omnibus,
1012 4262 1125 4327 saltem

57 4351 153 4434 ineis,
170 4357 392 4425 tenacissimus
411 4359 549 4424 videtur.

100 4460 245 4527 Tertium
252 4463 404 4554 »denique
422 4466 482 4530 Ms.
500 4465 640 4552 librum,
659 4467 885 4554 chartaceum,
912 4487 946 4537 et
962 4472 1067 4539 forma
1080 4428 1256 4581 ff

1113 4684 1122 4729 l
