2626 5228
113 310 158 392 ud
404 311 468 379 DE
487 312 524 380 T.
547 311 773 381 LUCRETlI·
788 310 894 384 CARI

110 444 194 512 tem,
214 453 272 497 seu
291 432 437 521 quisquis
454 448 502 497 est
519 433 591 498 ritas
608 431 791 521 Virgiliauae
811 450 926 500 auctor
941 432 1010 522 (1),
1039 450 1070 498 a.
1089 425 1137 496 U.
1153 429 1189 496 C.

110 534 195 620 699,
213 553 289 602 ante
308 538 473 604 Christum
490 536 549 620 55,
573 539 634 603 Cn.
660 539 817 628 Pompeio
833 541 954 630 Magno
967 540 1001 603 11
1016 555 1054 604 et
1068 538 1119 602 M.
1141 537 1190 602 li·

111 639 198 704 cinio
223 644 338 708 Crasso
363 645 629 727 llconsulibus,
663 668 703 709 eo
727 646 798 735 ipso
828 645 900 729 die,
926 668 993 735 quo
1024 644 1191 733 Virgilius

113 760 222 834 togam
240 749 364 814 virilem
381 751 541 815 sumserit.
561 751 744 839 Utrumque
762 751 984 816 testimonium
1000 750 1191 814 lambiunt

112 872 149 913 ac
164 851 312 919 Gifauius
322 856 487 938 rejiciunt,
502 855 542 922 de
553 858 753 942 conjectura,
768 881 866 946 quarn
881 859 972 922 nullo
984 870 1191 946 argumento

112 958 284 1026 firmarunt
295 960 360 1048 (α),
380 963 476 1028 morti
502 978 605 1051 poetae
626 963 825 1053 assignantes
845 986 969 1028 aunum
985 963 1027 1027 U.
1045 964 1088 1026 C.
1107 982 1192 1048 701,

113 1089 180 1154 quo
192 1089 300 1149 anno,
318 1071 376 1134 Cn.
399 1068 555 1158 Pompeio
576 1069 696 1159 Magno
716 1070 765 1134 111
787 1087 820 1134 et
838 1071 879 1154 Q.
895 1068 1024 1135 cecilio
1045 1065 1191 1132 Metello

112 1172 172 1235 Pio
189 1174 396 1257 consulibus,
418 1175 572 1239 maximas
583 1174 617 1237 in
629 1174 757 1239 civitate
772 1177 917 1239 Romana
931 1174 1043 1239 turbas
1062 1173 1192 1236 excita·

113 1292 190 1341 runt
213 1278 317 1344 Clodii
341 1279 444 1344 caedes
464 1278 621 1344 aillilone
640 1295 781 1368 patrata,
804 1279 949 1344 Memmii
976 1278 1192 1366 aliorumque

113 1385 310 1467 multorum,
330 1387 388 1474 qui
412 1385 598 1450 ambitionis
624 1385 753 1452 fuerant
776 1385 1003 1467 condemnati,
1021 1384 1191 1464 exsilium,

111 1488 210 1554 Italiae
229 1488 370 1579 denique
386 1514 444 1579 per
461 1491 602 1556 victricia
618 1493 749 1557 Caesaris
767 1515 854 1558 arma
869 1492 1008 1557 vastitas.

157 1594 257 1680 Quod
276 1597 418 1662 Lucretii
438 1597 685 1662 celeberrimum
712 1621 842 1664 carmen
868 1614 994 1663 etatem
1018 1594 1119 1672 tulit,
1141 1595 1192 1658 De

116 1721 218 1765 rerum
232 1717 350 1766 uatum
366 1703 558 1793 inscriptum
578 1720 610 1768 et
635 1705 671 1769 C.
685 1703 842 1768 Memmio
858 1699 1005 1770 Gemello
1021 1699 1192 1780 dicatum,

114 1806 165 1888 id,
184 1808 274 1873 luere
289 1808 349 1873 viri
366 1809 453 1874 docti
465 1807 530 1898 (3),
547 1810 605 1896 qni
621 1808 710 1874 libris
725 1811 891 1899 aliquanto
903 1807 1068 1899 pluribus,
1085 1829 1191 1894 quam

115 1937 189 1997 sex,
222 1915 514 2013 olim‘constitisse
541 1915 765 2005 opinarentur.
798 1915 846 1980 Ad
870 1938 967 2003 quam
995 1912 1191 2002 opinionem

115 2035 148 2084 et
164 2019 402 2109 suscipiendam
425 2038 617 2111 argumenta
632 2022 724 2087 valde
741 2023 821 2087 levia
836 2022 1025 2096 valuerunt,
1043 2034 1077 2081 et
1100 2018 1194 2084 evel-

115 2126 243 2191 lendam
255 2150 357 2215 pauca
369 2125 540 2192 sufficient.
552 2128 678 2216 Nempe
692 2127 819 2193 suffulti
827 2143 906 2192 sunt
918 2127 963 2191 illl
977 2123 1194 2213 potissimum

115 2234 305 2298 auctoritate
316 2233 360 2299 M.
375 2235 519 2299 Terentii
530 2235 686 2298 Varronis
697 2234 756 2322 (A),
769 2233 842 2322 qui,
851 2264 864 2289 α
873 2232 1052 2312 Lucretius,
1064 2219 1198 2319 inquit,

116 2361 250 2403 suorum
265 2340 363 2404 unius
380 2355 412 2404 et
429 2340 543 2429 viginti
560 2339 720 2404 librorum
735 2339 866 2403 initium
877 2338 954 2403 fecit
966 2337 1052 2402 hoc:

235 2481 361 2541 AEtheris
371 2495 400 2540 et
412 2494 496 2540 terrae
507 2479 665 2560 genitabile
677 2500 809 2560 quaerere
823 2493 967 2560 tempus».

117 2616 160 2677 Ar
178 2612 355 2676 Lambinus
371 2612 438 2690 jam
453 2626 547 2675 acute
565 2610 744 2699 perspexit,
761 2612 796 2675 in
813 2613 886 2677 loco
899 2610 1054 2676 Varronis
1068 2604 1201 2678 'corru-

118 2719 237 2808 ptelam
260 2718 377 2798 latere,
405 2717 451 2781 sic
472 2714 670 2797 tollendam,
693 2732 730 2780 ut
746 2717 796 2781 vel
821 2717 950 2800 Lucilii,
978 2715 1029 2780 vel
1051 2715 1201 2799 alicujus

118 2825 196 2890 alius
223 2823 406 2912 scriptoris,
427 2843 548 2886 nomen
564 2844 624 2909 pro
641 2822 780 2887 Lucretii
803 2823 936 2886 nomine
958 2821 1200 2891 substituatur.

119 2933 200 3014 Quae
224 2931 383 2995 sententia
410 2951 479 2992 non
496 2943 584 2992 caret
601 2927 728 2993 idoneis
751 2928 942 2994 rationibus.
966 2927 1077 2991 Primo
1099 2932 1198 2995 enim

118 3061 185 3101 non
203 3036 308 3101 simile
325 3051 374 3101 est
389 3057 484 3117 vero,
503 3036 684 3100 Varronem
708 3059 727 3100 a
751 3035 917 3115 Lucretio,
939 3033 1036 3123 longe
1060 3034 1200 3103 minore

119 3161 216 3224 natu,
235 3143 457 3208 testimonium
469 3143 640 3223 sumsisse,
660 3143 782 3230 quippe
798 3141 888 3230 quod
904 3142 957 3206 ille
971 3142 1024 3205 vix
1037 3145 1200 3210 sumserit

117 3275 134 3315 a
151 3272 318 3340 quoquam
332 3248 395 3312 alio
411 3248 575 3313 inferioris
588 3248 688 3312 rotatis
704 3249 872 3336 scriptore.
887 3246 1029 3326 Deinde,
1046 3245 1072 3309 si
1087 3246 1198 3314 Euse-

130 3480 134 3490 '
153 3476 192 3540 (r)
207 3475 329 3524 Editionis
352 3473 488 3539 lleynitnoe
511 3481 573 3518 tom.
595 3472 628 3527 V,
711 3469 751 3535 (τι)
770 3472 827 3520 Etru
842 3469 916 3519 docte
929 3468 1069 3535 repudiavit
1087 3469 1199 3533 Beylius

116 3572 142 3620 p.
154 3558 214 3614 321,
227 3555 284 3604 coll.
296 3572 323 3620 p.
339 3555 399 3605 358.
410 3556 484 3602 Hunc
501 3560 627 3598 auctorem
676 3551 692 3598 Ι.
708 3566 733 3598 c.

118 3636 227 3699 sequitur
258 3638 291 3683 n.
316 3635 419 3683 Vossius
446 3629 479 3678 ud
504 3627 627 3679 Cetullum
712 3626 795 3694 (s)1n
814 3627 852 3676 liis
872 3626 919 3676 Lil.
937 3626 1062 3691 Gyrnldru
1078 3624 1138 3674 diat.
1157 3631 1197 3676 IV

116 3731 141 3778 p.
152 3717 194 3763 83.
204 3713 252 3763 Sed
261 3715 325 3763 Tho.
333 3710 467 3763 Creechius
480 3706 570 3755 obiisse
577 3708 622 3754 Lu·
677 3708 708 3758 de
730 3709 825 3773 poetis,
838 3710 906 3774 opp.
919 3716 977 3755 rom,
996 3709 1033 3766 Π,
1046 3722 1072 3770 p,
1096 3721 1159 3769 ¹97,
1170 3722 1200 3759 ,ι

117 3797 219 3844 cretinm
235 3796 270 3844 ait
280 3811 302 3844 ι.
313 3797 345 3844 U.
354 3795 384 3842 C.
398 3806 446 3855 ⁷⁰2
456 3824 463 3848 ,
475 3804 504 3836 eo
518 3787 567 3845 die,
576 3802 627 3850 quo
676 3790 752 3854 Gasp.
766 3787 880 3836 Boethius
889 3786 1020 3836 Adrerur.
1035 3787 1094 3844 LII,
1111 3793 1135 3841 4.

45 3870 48 3876 ’
116 3883 235 3947 Virgilius
245 3892 317 3930 natus
328 3881 368 3930 rit.
376 3878 406 3930 ld
417 3887 482 3927 reete
493 3875 628 3924 confutarit
712 3868 752 3933 (4)
763 3870 800 3916 De
820 3867 905 3930 lingue
919 3866 1003 3915 latina
1018 3865 1063 3914 lib.
1076 3866 1121 3923 w,
1131 3880 1161 3931 p.
1179 3885 1195 3930 7

117 3963 181 4010 Petr.
193 3963 294 4028 Baylius
304 3961 322 4011 l.
338 3979 360 4009 o.
678 3947 793 3997 editionis
806 3945 957 4011 sipontinae.
