2626 5228
118 360 159 408 ιο
502 334 795 406 WAKEFIELDI

110 459 196 542 mili,
211 457 269 524 sed
281 457 389 523 saeculi
402 459 583 547 sequentis,
597 458 703 523 eidem
715 455 918 522 bibliothecae
931 453 1050 532 debeo.
1067 455 1196 520 Recen-

110 567 176 631 tior
189 582 238 629 est
254 564 420 654 profecto,
442 578 541 653 quam
558 565 611 629 cui
628 581 722 642 tuto,
744 562 876 650 reliquis
893 555 1194 640 dissentientibus,

111 670 235 735 confidi
255 671 356 759 possit
378 693 387 735 ε
412 691 475 736 nec
497 687 607 735 tamen
631 671 686 736 hic
708 671 806 735 etiam
828 665 964 733 omuino
985 667 1105 733 fructu
1131 691 1194 734 suo

111 777 225 842 caruit.

157 881 218 948 Sed
241 900 274 948 et
292 883 391 948 alium
408 884 542 974 insuper
559 885 716 972 scriptum
730 882 871 959 librum,
889 881 930 946 de
947 902 1014 969 quo
1030 880 1121 945 nihil
1137 903 1193 946 co·

113 990 305 1080 gitaremm,
336 991 417 1054 mihi
441 990 591 1080 permisit
612 988 829 1055 evolvendum
852 989 903 1053 vir
929 986 1193 1051 humanissimus

114 1096 290 1161 Enrsnnus
307 1097 440 1181 Poons,
458 1119 534 1162 cnm
552 1097 771 1186 promtissima
798 1094 1014 1185 benignitate,
1031 1114 1049 1156 a
1073 1092 1193 1158 lauda·

113 1202 235 1267 bilibus
250 1203 283 1265 in
295 1203 399 1267 bonas
411 1203 518 1267 literas
533 1201 703 1266 affectibus
719 1200 869 1266 derivata.
888 1200 1051 1266 Nimirum
1067 1221 1192 1264 manus

114 1313 277 1376 recentior
295 1312 387 1376 hunc
401 1311 548 1376 codicem
569 1311 727 1394 exaravit3
749 1333 852 1399 quum
867 1332 945 1374 vero
964 1310 1110 1388 cujusvis
1130 1308 1195 1372 im·

112 1438 212 1503 pressi
235 1418 320 1507 typis
338 1401 499 1482 libri'non
517 1418 559 1482 sit
575 1418 805 1508 apographon,
826 1415 885 1481 scd
900 1414 1047 1480 codicem
1068 1439 1193 1504 quem·

58 1583 61 1589 .
114 1521 189 1586 dam
212 1523 275 1586 Ms.
294 1524 469 1588 certissime
487 1524 520 1587 in
539 1526 703 1612 exemplar
721 1522 888 1604 habuerit,
912 1543 979 1585 non
1003 1523 1195 1610 spernenda

115 1644 163 1692 est
178 1629 248 1708 ejus
265 1629 458 1713 auctoritas,
480 1632 607 1718 quoties
621 1629 844 1718 antiquiorum
862 1628 1020 1695 librorum
1037 1626 1195 1695 lectioni·

113 1732 176 1797 bus
196 1734 230 1796 in
255 1733 437 1798 subsidium
461 1735 601 1800 accedat.
620 1737 741 1799 Utrum
758 1736 873 1825 plures
886 1734 952 1798 sint
972 1735 1119 1799 Lucretii
1139 1760 1196 1802 co·

114 1837 201 1902 dices
218 1840 298 1905 Mss.
310 1841 343 1903 in
357 1841 562 1907 bibliothecis
578 1841 734 1928 Anglicis,
745 1840 796 1904 vel
808 1840 959 1928 publicis,
974 1839 1026 1902 vel
1041 1841 1197 1927 privatis,
1236 1925 1237 1932 ἵ

113 1946 208 2032 plane
221 1947 331 2010 nescio
347 1970 354 2012 :
373 1964 405 2012 et
419 1969 521 2012 causae
536 1964 633 2030 sunt,
648 1969 712 2035 qua
728 1946 935 2034 theologice,
948 1968 1011 2033 qua
1028 1946 1197 2034 politicas,

114 2071 174 2113 cur
187 2066 347 2117 nostrates
363 2052 482 2117 eruditi
497 2076 564 2116 non
581 2053 648 2116 sint
664 2050 705 2115 ad
722 2074 774 2116 me
786 2050 985 2133 fovendum,
1000 2067 1033 2114 et
1048 2071 1198 2121 conatus

115 2178 207 2220 meos
223 2155 483 2245 promovendos,
500 2160 597 2222 nimis
617 2179 778 2247 propensa
792 2156 978 2222 voluntate:
990 2157 1198 2243 hesautem,

115 2261 213 2351 quod*
231 2264 468 2352 impensissime
489 2266 646 2346 laetamur,
669 2286 706 2328 ac
730 2264 814 2328 serio
837 2264 1092 2352 triumphamus,
1122 2269 1198 2348 jam

111 2370 177 2453 jam
202 2360 429 2439 evanescentes
455 2371 568 2454 rideo,
590 2388 644 2453 ut,
666 2371 893 2452 exortosole,
915 2371 1065 2435 matutini
1096 2395 1198 2440 rores

116 2483 353 2564 evaporahtur:
371 2478 463 2566 quod
481 2478 557 2543 ideo
575 2478 609 2544 in
626 2493 816 2541 transcursu
833 2477 998 2541 monitum
1016 2477 1130 2560 volui,
1151 2502 1199 2546 ne

116 2583 212 2646 nimis
230 2571 387 2651 incuriosi
401 2587 563 2668 fortassis,
582 2601 639 2648 aut
655 2583 903 2672 indiligentioris
918 2582 1108 2666 eujusdam,
1125 2589 1198 2652 cri·

118 2709 192 2752 meu
210 2690 298 2777 apud
313 2691 456 2779 aliquos,
472 2690 642 2755 calumniis
657 2688 838 2770 inhiantes,
852 2689 1014 2754 immerito
1030 2689 1198 2760 subirem.

162 2797 258 2860 Anno
285 2820 502 2862 nnccnxxxvn
529 2795 697 2860 Lucretius
722 2786 900 2883 impressus
923 2811 973 2860 est
991 2795 1129 2861 Viennis
1154 2802 1200 2867 ad

119 2900 266 2966 codicem
283 2903 591 2981 Vindobonensem,
613 2919 748 2969 curante
762 2901 936 2966 Francisco
952 2900 1071 2965 Carnlo
1088 2905 1200 2993 Alter,

120 3010 278 3094 gymnasii
289 3009 553 3075 Vindobonensis
564 3009 758 3098 professore.
774 3009 892 3072 «Extat
907 3008 962 3071 hic
973 3007 1076 3072 codex
1088 3031 1202 3078 mem·

120 3111 297 3179 branaceus
316 3116 350 3179 in
368 3115 564 3180 bibliotheca
585 3117 728 3178 Caesarea
744 3102 1009 3195 Vindobonensi,
1029 3129 1062 3178 et
1083 3120 1200 3185 saeculi

120 3240 168 3282 un
189 3215 346 3309 scriptu'ra
370 3222 452 3285 nitet
471 3220 603 3308 quidem
622 3219 874 3310 elegantissima,
897 3219 955 3283 sed
977 3219 1087 3283 multis
1107 3223 1200 3292 adeo

119 3324 202 3389 vitiis
220 3326 353 3409 foedata,
380 3343 419 3391 ut
434 3327 468 3391 in
488 3327 575 3391 calce
593 3326 701 3414 operis
717 3326 849 3413 longam
872 3326 946 3389 satis
965 3325 1122 3389 vitiorum
1144 3353 1201 3396 se·

117 3429 199 3493 riem
224 3431 261 3496 iis
284 3432 472 3497 hominibus
490 3429 720 3520 adjungerem,
744 3431 801 3517 qui
825 3429 976 3496 codicum
1000 3429 1076 3493 Mss.
1105 3433 1201 3502 vitiis

118 3534 287 3620 delectari,
304 3539 412 3603 verius
433 3537 559 3618 dicam,
581 3537 696 3627 nugari
707 3585 716 3619 ,
729 3551 1004 3601 consueverunt.»

162 3644 290 3709 Scilicet
307 3646 393 3709 inter
414 3643 485 3708 illos
502 3633 699 3732 nugatores,
712 3643 770 3731 qui
791 3643 982 3730 scripturum
1000 3641 1202 3730 ipsissimam

119 3751 239 3814 vetusti
258 3750 400 3832 codicis,
418 3751 484 3814 sive
500 3751 623 3814 sincera
638 3750 700 3829 sit,
725 3750 792 3813 sive
810 3747 944 3812 demum
961 3748 1093 3826 vitiosa,
1111 3747 1203 3814 fide-

120 3855 193 3919 liter
205 3873 464 3945 repraesentatam
479 3856 594 3937 velint,
612 3871 741 3945 egomet
753 3855 849 3918 nimls
871 3844 966 3918 velim
983 3875 1104 3918 nomen
1123 3876 1204 3942 pro·

122 3961 205 4027 fiteri
222 3986 333 4029 meum
353 3987 361 4029 ε
381 3979 414 4029 et
436 3963 552 4053 gratias
574 3985 635 4053 ago
651 3962 791 4027 libenter
807 3960 986 4042 maximas,¹
1004 3959 1205 4050 habeoque,
