2626 5228
180 346 223 428 td
566 347 856 418 WAKEFIELDI

174 465 255 532 dunt
271 466 369 551 duxi,
389 469 535 556 quamvis
555 469 606 533 bae
629 470 774 534 minutiae
797 468 928 533 turbam
948 467 1107 532 lectorum
1124 468 1257 556 proba·

174 573 284 638 biliter
300 574 482 665 effugitans
497 572 696 641 viderentur.
724 576 878 641 Libenter
898 596 1041 663 sperem,
1065 574 1257 663 simplicem

174 680 260 745 hanc
285 705 433 746 errorum
458 683 713 748 leviusculorum
740 675 979 748 confessionem
1004 676 1142 746 editioni
1171 704 1257 746 mese

175 791 363 870 convenire;
384 789 436 855 vel
456 790 565 879 plures
582 807 616 854 et
639 791 809 856 crassiores
828 790 964 854 fortasse
983 788 1166 853 virtutibus
1182 789 1254 853 suis

174 894 382 978 redemturae,
402 897 464 960 nisi
482 897 609 985 parenti
627 918 687 962 suo
706 897 843 961 nimium
863 895 1060 978 blandiatur,
1078 895 1164 959 nihil
1184 896 1254 959 suis

173 1000 296 1066 viribus
312 1004 472 1091 parcenti,
496 1003 583 1067 utin
604 1026 719 1068 manus
740 1004 914 1068 hominum
933 1025 1034 1091 quam
1051 1001 1254 1067 emendatis·

174 1131 254 1174 suna
271 1125 405 1176 veniret.

368 1251 411 1302 Nil
423 1251 544 1310 cumulat,
561 1251 690 1316 verbisque
702 1250 765 1299 nihil
778 1248 868 1299 fiducia
882 1249 960 1301 celat:

367 1340 454 1388 Focati
465 1340 585 1388 sermonis
598 1356 672 1405 opem
683 1355 751 1389 mens
766 1339 864 1388 conscia
877 1337 958 1387 landis

370 1428 467 1476 Abnuit
471 1460 551 1479 .....

218 1547 322 1612 Porro
341 1569 444 1635 quum
456 1548 645 1639 Virgilium,
672 1549 804 1637 poetice
828 1547 1075 1636 compositionis
1091 1545 1257 1612 artificem

174 1653 469 1737 absolutissimum,
483 1655 653 1721 Lucretius
668 1673 788 1738 noster,
805 1656 935 1744 ingenio
950 1670 1121 1744 poetarum
1134 1654 1260 1720 llorna·

175 1783 294 1824 norum
312 1761 469 1827 maximus
492 1761 577 1851 (nisi
596 1763 740 1826 fortassis
769 1762 866 1826 unius
885 1760 930 1824 illi
950 1761 992 1825 de
1008 1759 1115 1850 palma
1133 1765 1260 1827 merito

175 1866 406 1932 contenderint
418 1868 666 1934 luxuriosissimi
682 1869 820 1934 Nasonis
836 1868 966 1932 ubertas
981 1882 1013 1931 et
1026 1866 1260 1956 amplitudo),

174 1997 290 2062 magna
307 1996 346 2038 ex
364 1991 470 2062 parte,
484 1992 624 2062 quantus
640 1992 705 2057 est,
724 1974 884 2057 ellecerit3
899 1973 1041 2039 venustis
1057 1973 1262 2040 hominibus

174 2077 228 2143 nie
244 2102 314 2143 rem
330 2079 424 2144 valde
440 2079 617 2167 jucundam
630 2081 792 2146 iacturum
807 2103 877 2146 esse
893 2078 1035 2158 credidi,
1049 2079 1077 2144 si
1091 2078 1263 2148 Minciani

173 2185 253 2249 ratis
272 2185 467 2251 imitationes
482 2184 630 2274 undique
648 2187 894 2275 conquirerem,
912 2200 1037 2250 etcum
1056 2187 1261 2274 exemplari·

174 2289 236 2354 bus
259 2291 325 2355 suis
348 2293 494 2381 apposite
516 2293 708 2356 commissos
726 2291 908 2380 specialiter
935 2291 1131 2355 exhiberem.
1158 2291 1262 2358 Hanc

174 2422 244 2464 esse
258 2398 321 2462 mei
336 2398 457 2464 laboris
473 2415 598 2490 partem
617 2399 707 2463 nullo
726 2397 825 2463 modo
844 2397 1194 2486 infructuosissimam,
1215 2398 1260 2464 ab

174 2503 390 2568 ostentatione
408 2504 484 2568 licet
506 2503 695 2593 longissime
718 2519 893 2584 remotam,
911 2502 1067 2591 deputare
1091 2501 1204 2587 sole03
1226 2525 1261 2573 et

173 2609 422 2674 amoenissimam
442 2613 584 2674 futuram
601 2610 680 2673 hinc
694 2609 875 2674 institutam
892 2608 1171 2698 comparationem
1190 2611 1260 2678 ho-

172 2715 315 2780 minibus
332 2716 536 2806 elegantioris
550 2715 672 2805 ingenii
687 2716 826 2780 libenter
840 2739 993 2806 auguror.
1009 2707 1046 2779 ln
1062 2715 1127 2779 hoc
1138 2715 1259 2784 officio

172 2822 272 2887 multa
286 2839 378 2904 sunt,
398 2845 470 2911 quae
486 2820 688 2910 diligentiam
703 2823 856 2888 eluserint
869 2820 1063 2904 doctorum,
1083 2823 1140 2910 qui
1156 2845 1195 2888 se
1214 2824 1259 2891 ad

172 2929 257 2992 hanc
273 2951 342 2992 rem
366 2950 405 2991 ex
422 2925 569 3017 professo
586 2927 821 3010 contulissent3
843 2944 876 2991 et
895 2949 995 3016 aegre,
1022 2926 1085 2990 nisi
1103 2949 1143 2990 ex
1160 2950 1259 2995 com·

172 3035 291 3123 pertis,
306 3033 394 3097 credi
411 3047 556 3121 poterat,
573 3035 686 3121 poesin
703 3031 913 3121 virgilianam
932 3055 1029 3120 qtram
1045 3032 1177 3121 penitus
1194 3035 1259 3101 im·

172 3139 298 3221 buerit,
312 3162 409 3227 quam
423 3138 612 3202 medullitus
631 3138 807 3219 incoxerit,
819 3137 923 3201 oratio
935 3137 1134 3203 Lucretiana.
1150 3138 1258 3209 Hunc

172 3263 281 3310 autem
299 3268 337 3309 ex
352 3241 532 3310 abundanti
546 3235 692 3308 fructum
705 3243 767 3307 hac
781 3243 953 3308 collatione
965 3245 1151 3334 provenisse
1167 3250 1255 3314 milri

173 3351 381 3415 vehementer
407 3349 570 3439 gratulor,
601 3332 695 3436 quod
719 3348 797 3411 hinc
820 3348 1050 3437 complusculis
1080 3348 1255 3420 ulceribus

173 3457 316 3546 Virgilii,
334 3456 477 3522 sanitatis
493 3454 636 3544 speciem
654 3454 906 3538 mentientibus,
920 3453 1062 3544 ideoque
1076 3453 1202 3522 difficili
1220 3477 1257 3527 et

172 3564 352 3652 periculosa
374 3561 586 3642 tractatione,
611 3558 771 3625 medelam
794 3559 1049 3626 efficacissimam
1074 3560 1256 3633 admovere

173 3670 352 3758 quiverim:
374 3667 463 3732 unde
481 3665 568 3757 apud
585 3666 747 3755 quidquid
764 3684 813 3732 est
826 3668 999 3732 hominum
1021 3667 1255 3739 venustiorum

173 3799 225 3841 me
241 3776 357 3866 gratias
371 3774 519 3864 ingentes
533 3772 693 3837 initurum
709 3795 823 3863 spero,
837 3773 1042 3862 confidoque.

217 3884 287 3948 Jam
304 3904 399 3960 vero,
421 3902 489 3944 non
503 3879 583 3943 alius
602 3895 650 3945 est
667 3896 784 3968 poeta,
806 3881 841 3944 in
857 3902 955 3969 quern
974 3879 1102 3970 licentia
1116 3880 1256 3949 critico·

174 4012 248 4054 rum
258 4038 267 4071 ,
279 3985 418 4078 ingeniis
429 3984 495 4050 suis
508 4000 629 4049 temere
643 3984 900 4073 indulgentium,
913 3987 1026 4051 sevius
1037 4002 1177 4076 grassata
1189 4008 1256 4075 est,
