<?xml version="1.0" encoding="UTF-8"?>
<!DOCTYPE html PUBLIC "-//W3C//DTD XHTML 1.0 Transitional//EN"
    "http://www.w3.org/TR/xhtml1/DTD/xhtml1-transitional.dtd">
<html xmlns="http://www.w3.org/1999/xhtml" xml:lang="en" lang="en">
 <head>
  <title>
</title>
<meta http-equiv="Content-Type" content="text/html;charset=utf-8" />
  <meta name='ocr-system' content='tesseract 3.04.00' />
  <meta name='ocr-capabilities' content='ocr_page ocr_carea ocr_par ocr_line ocrx_word'/>
</head>
<body>
  <div class='ocr_page' id='page_1' title='image "bibliothecaclas78lemagoog_0054.png"; bbox 0 0 2626 5228; ppageno 0'>
   <div class='ocr_carea' id='block_1_1' title="bbox 384 843 1136 951">
    <p class='ocr_par' dir='ltr' id='par_1_1' title="bbox 384 843 1136 951">
     <span class='ocr_line' id='line_1_1' title="bbox 384 843 1136 951; baseline 0.001 -27"><span class='ocrx_word' id='word_1_1' title='bbox 384 856 493 926; x_wconf 79' lang='lat' dir='ltr'>vlTn</span> <span class='ocrx_word' id='word_1_2' title='bbox 516 855 574 924; x_wconf 86' lang='lat' dir='ltr'>ET</span> <span class='ocrx_word' id='word_1_3' title='bbox 599 854 817 925; x_wconf 85' lang='lat' dir='ltr'><strong>CARMINE.</strong></span> <span class='ocrx_word' id='word_1_4' title='bbox 964 843 971 854; x_wconf 47' lang='lat'>⁸</span> <span class='ocrx_word' id='word_1_5' title='bbox 1090 880 1136 951; x_wconf 83' lang='lat'>29</span> 
     </span>
    </p>
   </div>
   <div class='ocr_carea' id='block_1_2' title="bbox 10 976 1211 2545">
    <p class='ocr_par' dir='ltr' id='par_1_2' title="bbox 10 976 1211 2545">
     <span class='ocr_line' id='line_1_2' title="bbox 66 976 1139 1067; baseline 0.001 -24"><span class='ocrx_word' id='word_1_6' title='bbox 66 999 222 1043; x_wconf 84' lang='lat' dir='ltr'>versuum</span> <span class='ocrx_word' id='word_1_7' title='bbox 239 976 431 1043; x_wconf 89' lang='lat' dir='ltr'>auctoritate</span> <span class='ocrx_word' id='word_1_8' title='bbox 447 1001 532 1067; x_wconf 86' lang='lat' dir='ltr'>saepe</span> <span class='ocrx_word' id='word_1_9' title='bbox 546 1001 583 1043; x_wconf 92' lang='lat' dir='ltr'>ac</span> <span class='ocrx_word' id='word_1_10' title='bbox 597 977 735 1042; x_wconf 85' lang='lat' dir='ltr'>libenter</span> <span class='ocrx_word' id='word_1_11' title='bbox 746 992 897 1060; x_wconf 91' lang='lat' dir='ltr'>utuntur,</span> <span class='ocrx_word' id='word_1_12' title='bbox 908 979 1037 1043; x_wconf 89' lang='lat' dir='ltr'>nullum</span> <span class='ocrx_word' id='word_1_13' title='bbox 1054 1001 1139 1044; x_wconf 93' lang='lat' dir='ltr'>com·</span> 
     </span>
     <span class='ocr_line' id='line_1_3' title="bbox 66 1085 1211 1174; baseline 0.002 -26"><span class='ocrx_word' id='word_1_14' title='bbox 66 1102 253 1150; x_wconf 88' lang='lat' dir='ltr'>memorant</span> <span class='ocrx_word' id='word_1_15' title='bbox 277 1085 346 1171; x_wconf 89' lang='lat' dir='ltr'>ejus</span> <span class='ocrx_word' id='word_1_16' title='bbox 360 1085 497 1149; x_wconf 91' lang='lat' dir='ltr'>·librum</span> <span class='ocrx_word' id='word_1_17' title='bbox 521 1086 606 1163; x_wconf 85' lang='lat' dir='ltr'>ultra</span> <span class='ocrx_word' id='word_1_18' title='bbox 629 1101 772 1166; x_wconf 83' lang='lat' dir='ltr'>sextum,</span> <span class='ocrx_word' id='word_1_19' title='bbox 801 1106 999 1173; x_wconf 83' lang='lat' dir='ltr'>quamquam</span> <span class='ocrx_word' id='word_1_20' title='bbox 1023 1088 1139 1174; x_wconf 90' lang='lat' dir='ltr'>passim</span> <span class='ocrx_word' id='word_1_21' title='bbox 1207 1087 1211 1096; x_wconf 91' lang='grc'><strong>’</strong></span> 
     </span>
     <span class='ocr_line' id='line_1_4' title="bbox 65 1188 1140 1278; baseline -0.001 -24"><span class='ocrx_word' id='word_1_22' title='bbox 65 1188 192 1278; x_wconf 85' lang='lat' dir='ltr'><strong>aliquot</strong></span> <span class='ocrx_word' id='word_1_23' title='bbox 207 1213 318 1254; x_wconf 88' lang='lat' dir='ltr'>versus</span> <span class='ocrx_word' id='word_1_24' title='bbox 334 1190 493 1271; x_wconf 78' lang='lat' dir='ltr'>afferunt,</span> <span class='ocrx_word' id='word_1_25' title='bbox 504 1190 560 1277; x_wconf 91' lang='lat' dir='ltr'>qui</span> <span class='ocrx_word' id='word_1_26' title='bbox 575 1191 608 1254; x_wconf 90' lang='lat' dir='ltr'>in</span> <span class='ocrx_word' id='word_1_27' title='bbox 621 1189 793 1265; x_wconf 68' lang='lat' dir='ltr'>sentibus,</span> <span class='ocrx_word' id='word_1_28' title='bbox 808 1189 849 1255; x_wconf 92' lang='lat' dir='ltr'>ad</span> <span class='ocrx_word' id='word_1_29' title='bbox 861 1206 1006 1254; x_wconf 88' lang='lat' dir='ltr'>nostram</span> <span class='ocrx_word' id='word_1_30' title='bbox 1016 1207 1140 1255; x_wconf 82' lang='lat' dir='ltr'>aetatem</span> 
     </span>
     <span class='ocr_line' id='line_1_5' title="bbox 66 1296 1016 1385; baseline 0.001 -26"><span class='ocrx_word' id='word_1_31' title='bbox 66 1296 281 1378; x_wconf 84' lang='lat' dir='ltr'>transmissis,</span> <span class='ocrx_word' id='word_1_32' title='bbox 298 1319 365 1360; x_wconf 93' lang='lat' dir='ltr'>non</span> <span class='ocrx_word' id='word_1_33' title='bbox 382 1296 599 1385; x_wconf 84' lang='lat' dir='ltr'>inveniantur.</span> <span class='ocrx_word' id='word_1_34' title='bbox 1014 1381 1016 1384; x_wconf 22' lang='grc' dir='ltr'>Ι</span> 
     </span>
     <span class='ocr_line' id='line_1_6' title="bbox 10 1399 1139 1491; baseline 0.002 -26"><span class='ocrx_word' id='word_1_35' title='bbox 10 1467 12 1475; x_wconf 67' lang='grc'>,</span> <span class='ocrx_word' id='word_1_36' title='bbox 111 1402 287 1467; x_wconf 82' lang='lat' dir='ltr'><strong>Lambinus</strong></span> <span class='ocrx_word' id='word_1_37' title='bbox 304 1400 436 1490; x_wconf 90' lang='lat' dir='ltr'>quidem</span> <span class='ocrx_word' id='word_1_38' title='bbox 452 1403 547 1465; x_wconf 90' lang='lat' dir='ltr'>etiam</span> <span class='ocrx_word' id='word_1_39' title='bbox 565 1401 629 1468; x_wconf 94' lang='lat' dir='ltr'>hoc</span> <span class='ocrx_word' id='word_1_40' title='bbox 645 1399 774 1465; x_wconf 87' lang='lat' dir='ltr'>videtur</span> <span class='ocrx_word' id='word_1_41' title='bbox 792 1423 927 1490; x_wconf 84' lang='lat' dir='ltr'>negare,</span> <span class='ocrx_word' id='word_1_42' title='bbox 944 1424 962 1465; x_wconf 89' lang='lat' dir='ltr'>a</span> <span class='ocrx_word' id='word_1_43' title='bbox 979 1417 1139 1491; x_wconf 83' lang='lat' dir='ltr'>gramma·</span> 
     </span>
     <span class='ocr_line' id='line_1_7' title="bbox 10 1507 1138 1596; baseline 0.001 -24"><span class='ocrx_word' id='word_1_44' title='bbox 10 1524 15 1583; x_wconf 71' lang='lat' dir='ltr'>t</span> <span class='ocrx_word' id='word_1_45' title='bbox 64 1508 137 1572; x_wconf 88' lang='lat' dir='ltr'>ticis</span> <span class='ocrx_word' id='word_1_46' title='bbox 160 1509 263 1572; x_wconf 89' lang='lat' dir='ltr'>ullum</span> <span class='ocrx_word' id='word_1_47' title='bbox 288 1532 327 1572; x_wconf 81' lang='lat' dir='ltr'>ex</span> <span class='ocrx_word' id='word_1_48' title='bbox 350 1507 441 1571; x_wconf 83' lang='lat' dir='ltr'>iibris</span> <span class='ocrx_word' id='word_1_49' title='bbox 458 1507 599 1573; x_wconf 88' lang='lat' dir='ltr'>Lucretii</span> <span class='ocrx_word' id='word_1_50' title='bbox 621 1507 843 1571; x_wconf 89' lang='lat' dir='ltr'>testimonium</span> <span class='ocrx_word' id='word_1_51' title='bbox 865 1509 1022 1596; x_wconf 84' lang='lat' dir='ltr'>proferri,</span> <span class='ocrx_word' id='word_1_52' title='bbox 1048 1507 1138 1596; x_wconf 91' lang='lat' dir='ltr'>quod</span> 
     </span>
     <span class='ocr_line' id='line_1_8' title="bbox 10 1612 1135 1703; baseline 0.002 -26"><span class='ocrx_word' id='word_1_53' title='bbox 10 1650 21 1691; x_wconf 87' lang='lat' dir='ltr'>t</span> <span class='ocrx_word' id='word_1_54' title='bbox 64 1616 185 1678; x_wconf 88' lang='lat' dir='ltr'>nostris</span> <span class='ocrx_word' id='word_1_55' title='bbox 201 1612 301 1678; x_wconf 86' lang='lat' dir='ltr'>hodie</span> <span class='ocrx_word' id='word_1_56' title='bbox 319 1614 555 1702; x_wconf 81' lang='lat' dir='ltr'>exemplaribus</span> <span class='ocrx_word' id='word_1_57' title='bbox 572 1614 664 1679; x_wconf 84' lang='lat' dir='ltr'><strong>desit.</strong></span> <span class='ocrx_word' id='word_1_58' title='bbox 686 1613 749 1678; x_wconf 87' lang='lat' dir='ltr'>Sed</span> <span class='ocrx_word' id='word_1_59' title='bbox 765 1614 931 1679; x_wconf 76' lang='lat' dir='ltr'>sententia</span> <span class='ocrx_word' id='word_1_60' title='bbox 950 1614 1019 1693; x_wconf 92' lang='lat' dir='ltr'>ejus</span> <span class='ocrx_word' id='word_1_61' title='bbox 1043 1616 1135 1703; x_wconf 88' lang='lat' dir='ltr'>plura</span> 
     </span>
     <span class='ocr_line' id='line_1_9' title="bbox 10 1719 1136 1808; baseline 0.003 -26"><span class='ocrx_word' id='word_1_62' title='bbox 10 1759 23 1806; x_wconf 62' lang='grc' dir='ltr'>Ι</span> <span class='ocrx_word' id='word_1_63' title='bbox 64 1721 269 1808; x_wconf 84' lang='lat' dir='ltr'>refragantur</span> <span class='ocrx_word' id='word_1_64' title='bbox 279 1720 562 1808; x_wconf 79' lang='lat' dir='ltr'>grammaticorum</span> <span class='ocrx_word' id='word_1_65' title='bbox 572 1720 653 1801; x_wconf 90' lang='lat' dir='ltr'>loca,</span> <span class='ocrx_word' id='word_1_66' title='bbox 664 1742 736 1807; x_wconf 86' lang='lat' dir='ltr'>quoe</span> <span class='ocrx_word' id='word_1_67' title='bbox 748 1719 875 1783; x_wconf 86' lang='lat' dir='ltr'>tametsi</span> <span class='ocrx_word' id='word_1_68' title='bbox 889 1742 1007 1784; x_wconf 83' lang='lat' dir='ltr'>caussae</span> <span class='ocrx_word' id='word_1_69' title='bbox 1018 1737 1136 1785; x_wconf 85' lang='lat' dir='ltr'>nostrae</span> 
     </span>
     <span class='ocr_line' id='line_1_10' title="bbox 10 1807 1135 1916; baseline 0.004 -29"><span class='ocrx_word' id='word_1_70' title='bbox 10 1807 25 1906; x_wconf 46' lang='grc' dir='ltr'>,ζ</span> <span class='ocrx_word' id='word_1_71' title='bbox 64 1825 234 1905; x_wconf 86' lang='lat' dir='ltr'>obessent,</span> <span class='ocrx_word' id='word_1_72' title='bbox 254 1839 361 1888; x_wconf 92' lang='lat' dir='ltr'>tamen</span> <span class='ocrx_word' id='word_1_73' title='bbox 388 1825 500 1888; x_wconf 89' lang='lat' dir='ltr'>critico</span> <span class='ocrx_word' id='word_1_74' title='bbox 521 1846 588 1889; x_wconf 88' lang='lat' dir='ltr'>non</span> <span class='ocrx_word' id='word_1_75' title='bbox 607 1825 718 1889; x_wconf 90' lang='lat' dir='ltr'>liceret</span> <span class='ocrx_word' id='word_1_76' title='bbox 739 1825 854 1889; x_wconf 82' lang='lat' dir='ltr'>callido</span> <span class='ocrx_word' id='word_1_77' title='bbox 873 1825 1001 1891; x_wconf 84' lang='lat' dir='ltr'>silentio</span> <span class='ocrx_word' id='word_1_78' title='bbox 1017 1842 1135 1916; x_wconf 85' lang='lat' dir='ltr'>tegere.</span> 
     </span>
     <span class='ocr_line' id='line_1_11' title="bbox 10 1929 1133 2021; baseline 0.004 -27"><span class='ocrx_word' id='word_1_79' title='bbox 10 1973 24 2015; x_wconf 72' lang='grc' dir='ltr'>Ι</span> <span class='ocrx_word' id='word_1_80' title='bbox 63 1929 195 1994; x_wconf 83' lang='lat' dir='ltr'>Servius</span> <span class='ocrx_word' id='word_1_81' title='bbox 212 1931 299 1995; x_wconf 89' lang='lat' dir='ltr'>enim</span> <span class='ocrx_word' id='word_1_82' title='bbox 314 1930 355 1995; x_wconf 93' lang='lat' dir='ltr'>ad</span> <span class='ocrx_word' id='word_1_83' title='bbox 362 1931 620 2019; x_wconf 83' lang='lat' dir='ltr'>Virgiliiversus,</span> <span class='ocrx_word' id='word_1_84' title='bbox 636 1931 693 2019; x_wconf 91' lang='lat' dir='ltr'>qui</span> <span class='ocrx_word' id='word_1_85' title='bbox 704 1931 858 2021; x_wconf 85' lang='lat' dir='ltr'>leguntur</span> <span class='ocrx_word' id='word_1_86' title='bbox 869 1931 948 1996; x_wconf 91' lang='lat' dir='ltr'>Geo.</span> <span class='ocrx_word' id='word_1_87' title='bbox 958 1933 1007 2013; x_wconf 89' lang='lat' dir='ltr'>ll,</span> <span class='ocrx_word' id='word_1_88' title='bbox 1020 1937 1074 2012; x_wconf 68' lang='lat'>42,</span> <span class='ocrx_word' id='word_1_89' title='bbox 1085 1956 1133 2021; x_wconf 87' lang='lat' dir='ltr'>sq.</span> 
     </span>
     <span class='ocr_line' id='line_1_12' title="bbox 10 2038 1135 2128; baseline 0.002 -26"><span class='ocrx_word' id='word_1_90' title='bbox 10 2061 23 2123; x_wconf 75' lang='grc'>,’</span> <span class='ocrx_word' id='word_1_91' title='bbox 64 2039 245 2121; x_wconf 80' lang='lat' dir='ltr'>«Lucretii,</span> <span class='ocrx_word' id='word_1_92' title='bbox 258 2039 382 2128; x_wconf 90' lang='lat' dir='ltr'>inquit,</span> <span class='ocrx_word' id='word_1_93' title='bbox 392 2061 521 2104; x_wconf 81' lang='lat' dir='ltr'>versus:</span> <span class='ocrx_word' id='word_1_94' title='bbox 533 2040 591 2103; x_wconf 80' lang='lat' dir='ltr'>sed</span> <span class='ocrx_word' id='word_1_95' title='bbox 600 2039 654 2102; x_wconf 71' lang='lat' dir='ltr'>itte</span> <span class='ocrx_word' id='word_1_96' title='bbox 664 2062 754 2102; x_wconf 83' lang='lat' dir='ltr'>aeneu</span> <span class='ocrx_word' id='word_1_97' title='bbox 765 2062 837 2103; x_wconf 77' lang='lat' dir='ltr'>uox</span> <span class='ocrx_word' id='word_1_98' title='bbox 848 2041 911 2120; x_wconf 77' lang='lat' dir='ltr'>ot‘t,</span> <span class='ocrx_word' id='word_1_99' title='bbox 924 2038 1135 2127; x_wconf 79' lang='lat' dir='ltr'>nonjerreo.»</span> 
     </span>
     <span class='ocr_line' id='line_1_13' title="bbox 10 2143 1136 2232; baseline 0.003 -25"><span class='ocrx_word' id='word_1_100' title='bbox 10 2173 23 2229; x_wconf 67' lang='lat'>,¹</span> <span class='ocrx_word' id='word_1_101' title='bbox 62 2144 171 2209; x_wconf 85' lang='lat' dir='ltr'>Locus</span> <span class='ocrx_word' id='word_1_102' title='bbox 186 2145 220 2207; x_wconf 89' lang='lat' dir='ltr'>in</span> <span class='ocrx_word' id='word_1_103' title='bbox 235 2160 350 2208; x_wconf 88' lang='lat' dir='ltr'>nostro</span> <span class='ocrx_word' id='word_1_104' title='bbox 367 2145 508 2209; x_wconf 79' lang='lat' dir='ltr'>carmine</span> <span class='ocrx_word' id='word_1_105' title='bbox 525 2144 643 2209; x_wconf 86' lang='lat' dir='ltr'>frustra</span> <span class='ocrx_word' id='word_1_106' title='bbox 657 2144 823 2232; x_wconf 84' lang='lat' dir='ltr'>quaeritur.</span> <span class='ocrx_word' id='word_1_107' title='bbox 844 2143 939 2209; x_wconf 89' lang='lat' dir='ltr'>Idem</span> <span class='ocrx_word' id='word_1_108' title='bbox 952 2146 1082 2210; x_wconf 85' lang='lat' dir='ltr'>Servius</span> <span class='ocrx_word' id='word_1_109' title='bbox 1094 2147 1136 2210; x_wconf 89' lang='lat' dir='ltr'>ad</span> 
     </span>
     <span class='ocr_line' id='line_1_14' title="bbox 10 2247 1136 2340; baseline 0.003 -29"><span class='ocrx_word' id='word_1_110' title='bbox 10 2272 17 2338; x_wconf 74' lang='grc' dir='ltr'>Ι</span> <span class='ocrx_word' id='word_1_111' title='bbox 63 2248 190 2340; x_wconf 83' lang='lat' dir='ltr'>Virgilii</span> <span class='ocrx_word' id='word_1_112' title='bbox 208 2249 285 2314; x_wconf 85' lang='lat' dir='ltr'>AEn.</span> <span class='ocrx_word' id='word_1_113' title='bbox 309 2249 371 2330; x_wconf 93' lang='lat' dir='ltr'>VI,</span> <span class='ocrx_word' id='word_1_114' title='bbox 398 2247 479 2334; x_wconf 88' lang='lat'>596,</span> <span class='ocrx_word' id='word_1_115' title='bbox 504 2249 561 2313; x_wconf 91' lang='lat' dir='ltr'>ubi</span> <span class='ocrx_word' id='word_1_116' title='bbox 587 2249 628 2313; x_wconf 93' lang='lat' dir='ltr'>de</span> <span class='ocrx_word' id='word_1_117' title='bbox 650 2250 765 2338; x_wconf 82' lang='lat' dir='ltr'>Tityo,</span> <span class='ocrx_word' id='word_1_118' title='bbox 791 2264 882 2313; x_wconf 84' lang='lat' dir='ltr'>terrae</span> <span class='ocrx_word' id='word_1_119' title='bbox 904 2250 1136 2338; x_wconf 89' lang='lat' dir='ltr'>omniparentis</span> 
     </span>
     <span class='ocr_line' id='line_1_15' title="bbox 63 2354 1135 2445; baseline 0.003 -26"><span class='ocrx_word' id='word_1_120' title='bbox 63 2355 197 2421; x_wconf 82' lang='lat' dir='ltr'>alumno</span> <span class='ocrx_word' id='word_1_121' title='bbox 213 2357 339 2445; x_wconf 81' lang='lat' dir='ltr'>agitur:</span> <span class='ocrx_word' id='word_1_122' title='bbox 352 2356 475 2437; x_wconf 80' lang='lat' dir='ltr'>«Sane,</span> <span class='ocrx_word' id='word_1_123' title='bbox 489 2356 549 2438; x_wconf 87' lang='lat' dir='ltr'>ait,</span> <span class='ocrx_word' id='word_1_124' title='bbox 566 2354 607 2419; x_wconf 91' lang='lat' dir='ltr'>de</span> <span class='ocrx_word' id='word_1_125' title='bbox 622 2356 672 2420; x_wconf 90' lang='lat' dir='ltr'>his</span> <span class='ocrx_word' id='word_1_126' title='bbox 688 2356 842 2420; x_wconf 89' lang='lat' dir='ltr'>omuibus</span> <span class='ocrx_word' id='word_1_127' title='bbox 857 2357 954 2421; x_wconf 90' lang='lat' dir='ltr'>rebus</span> <span class='ocrx_word' id='word_1_128' title='bbox 966 2358 1048 2422; x_wconf 88' lang='lat' dir='ltr'>mire</span> <span class='ocrx_word' id='word_1_129' title='bbox 1062 2357 1135 2422; x_wconf 78' lang='lat' dir='ltr'>red·</span> 
     </span>
     <span class='ocr_line' id='line_1_16' title="bbox 64 2460 1135 2545; baseline 0.003 -20"><span class='ocrx_word' id='word_1_130' title='bbox 64 2460 113 2525; x_wconf 91' lang='lat' dir='ltr'>dit</span> <span class='ocrx_word' id='word_1_131' title='bbox 131 2462 291 2526; x_wconf 86' lang='lat' dir='ltr'>rationem</span> <span class='ocrx_word' id='word_1_132' title='bbox 307 2463 497 2545; x_wconf 86' lang='lat' dir='ltr'>Lucretius,</span> <span class='ocrx_word' id='word_1_133' title='bbox 525 2478 558 2525; x_wconf 91' lang='lat' dir='ltr'>et</span> <span class='ocrx_word' id='word_1_134' title='bbox 581 2460 770 2543; x_wconf 87' lang='lat' dir='ltr'>confirmat,</span> <span class='ocrx_word' id='word_1_135' title='bbox 798 2463 833 2525; x_wconf 95' lang='lat' dir='ltr'>in</span> <span class='ocrx_word' id='word_1_136' title='bbox 853 2480 964 2528; x_wconf 85' lang='lat' dir='ltr'>nostra</span> <span class='ocrx_word' id='word_1_137' title='bbox 984 2463 1049 2528; x_wconf 84' lang='lat' dir='ltr'>vita</span> <span class='ocrx_word' id='word_1_138' title='bbox 1066 2487 1135 2528; x_wconf 88' lang='lat' dir='ltr'>esse</span> 
     </span>
    </p>
   </div>
   <div class='ocr_carea' id='block_1_3' title="bbox 55 2868 1132 4017">
    <p class='ocr_par' dir='ltr' id='par_1_3' title="bbox 55 2868 1132 4017">
     <span class='ocr_line' id='line_1_17' title="bbox 59 2868 1132 2962; baseline 0.006 -31"><span class='ocrx_word' id='word_1_139' title='bbox 59 2868 124 2932; x_wconf 91' lang='lat' dir='ltr'>Per</span> <span class='ocrx_word' id='word_1_140' title='bbox 139 2891 194 2934; x_wconf 91' lang='lat' dir='ltr'>eos</span> <span class='ocrx_word' id='word_1_141' title='bbox 204 2886 331 2953; x_wconf 89' lang='lat' dir='ltr'>autem,</span> <span class='ocrx_word' id='word_1_142' title='bbox 346 2871 402 2959; x_wconf 90' lang='lat' dir='ltr'>qui</span> <span class='ocrx_word' id='word_1_143' title='bbox 420 2893 534 2935; x_wconf 87' lang='lat' dir='ltr'>saxum</span> <span class='ocrx_word' id='word_1_144' title='bbox 550 2871 702 2952; x_wconf 86' lang='lat' dir='ltr'>volvunt,</span> <span class='ocrx_word' id='word_1_145' title='bbox 720 2870 880 2934; x_wconf 91' lang='lat' dir='ltr'>ambitum</span> <span class='ocrx_word' id='word_1_146' title='bbox 894 2871 964 2934; x_wconf 83' lang='lat' dir='ltr'>vult</span> <span class='ocrx_word' id='word_1_147' title='bbox 976 2888 1008 2935; x_wconf 91' lang='lat' dir='ltr'>et</span> <span class='ocrx_word' id='word_1_148' title='bbox 1022 2872 1132 2962; x_wconf 89' lang='lat' dir='ltr'>repul·</span> 
     </span>
     <span class='ocr_line' id='line_1_18' title="bbox 58 2974 1129 3069; baseline 0.005 -31"><span class='ocrx_word' id='word_1_149' title='bbox 58 2997 127 3039; x_wconf 84' lang='lat' dir='ltr'>sam</span> <span class='ocrx_word' id='word_1_150' title='bbox 146 2975 317 3065; x_wconf 81' lang='lat' dir='ltr'>significari</span> <span class='ocrx_word' id='word_1_151' title='bbox 334 3000 344 3069; x_wconf 76' lang='lat'>².</span> <span class='ocrx_word' id='word_1_152' title='bbox 361 2977 437 3065; x_wconf 87' lang='lat' dir='ltr'>quia</span> <span class='ocrx_word' id='word_1_153' title='bbox 456 2974 556 3041; x_wconf 87' lang='lat' dir='ltr'>semei</span> <span class='ocrx_word' id='word_1_154' title='bbox 580 2977 717 3064; x_wconf 85' lang='lat' dir='ltr'>repulsi,</span> <span class='ocrx_word' id='word_1_155' title='bbox 744 2978 899 3065; x_wconf 84' lang='lat' dir='ltr'>petitores</span> <span class='ocrx_word' id='word_1_156' title='bbox 916 2977 1041 3042; x_wconf 87' lang='lat' dir='ltr'>ambire</span> <span class='ocrx_word' id='word_1_157' title='bbox 1063 3001 1129 3043; x_wconf 90' lang='lat' dir='ltr'>non</span> 
     </span>
     <span class='ocr_line' id='line_1_19' title="bbox 57 3080 1131 3172; baseline 0.005 -29"><span class='ocrx_word' id='word_1_158' title='bbox 57 3080 222 3148; x_wconf 84' lang='lat' dir='ltr'>desinunt.</span> <span class='ocrx_word' id='word_1_159' title='bbox 237 3084 302 3147; x_wconf 85' lang='lat' dir='ltr'>Per</span> <span class='ocrx_word' id='word_1_160' title='bbox 316 3095 420 3146; x_wconf 83' lang='lat' dir='ltr'>rotam</span> <span class='ocrx_word' id='word_1_161' title='bbox 433 3098 537 3148; x_wconf 87' lang='lat' dir='ltr'>eutem</span> <span class='ocrx_word' id='word_1_162' title='bbox 555 3084 693 3148; x_wconf 81' lang='lat' dir='ltr'>ostendit</span> <span class='ocrx_word' id='word_1_163' title='bbox 705 3086 927 3172; x_wconf 80' lang='lat' dir='ltr'>negotiatores,</span> <span class='ocrx_word' id='word_1_164' title='bbox 938 3085 997 3172; x_wconf 81' lang='lat' dir='ltr'>qui</span> <span class='ocrx_word' id='word_1_165' title='bbox 1009 3107 1131 3172; x_wconf 83' lang='lat' dir='ltr'>semper</span> 
     </span>
     <span class='ocr_line' id='line_1_20' title="bbox 55 3187 1130 3277; baseline 0.006 -29"><span class='ocrx_word' id='word_1_166' title='bbox 55 3189 288 3274; x_wconf 79' lang='lat' dir='ltr'>tempestatibus</span> <span class='ocrx_word' id='word_1_167' title='bbox 296 3188 531 3277; x_wconf 77' lang='lat' dir='ltr'>turbinibusque</span> <span class='ocrx_word' id='word_1_168' title='bbox 536 3187 714 3253; x_wconf 82' lang='lat' dir='ltr'>volvuntur.</span> <span class='ocrx_word' id='word_1_169' title='bbox 723 3220 736 3245; x_wconf 71' lang='lat' dir='ltr'>n</span> <span class='ocrx_word' id='word_1_170' title='bbox 743 3195 901 3276; x_wconf 86' lang='lat' dir='ltr'>Apertum</span> <span class='ocrx_word' id='word_1_171' title='bbox 912 3205 970 3270; x_wconf 85' lang='lat' dir='ltr'>est,</span> <span class='ocrx_word' id='word_1_172' title='bbox 980 3189 1050 3253; x_wconf 89' lang='lat' dir='ltr'>haec</span> <span class='ocrx_word' id='word_1_173' title='bbox 1062 3191 1130 3255; x_wconf 88' lang='lat' dir='ltr'>Ser·</span> 
     </span>
     <span class='ocr_line' id='line_1_21' title="bbox 55 3293 1128 3381; baseline 0.005 -26"><span class='ocrx_word' id='word_1_174' title='bbox 55 3293 151 3355; x_wconf 83' lang='lat' dir='ltr'>viana</span> <span class='ocrx_word' id='word_1_175' title='bbox 170 3293 331 3381; x_wconf 86' lang='lat' dir='ltr'>pertinere</span> <span class='ocrx_word' id='word_1_176' title='bbox 354 3293 396 3357; x_wconf 87' lang='lat' dir='ltr'>ad</span> <span class='ocrx_word' id='word_1_177' title='bbox 411 3295 553 3358; x_wconf 88' lang='lat' dir='ltr'>Lucretii</span> <span class='ocrx_word' id='word_1_178' title='bbox 570 3294 625 3358; x_wconf 90' lang='lat' dir='ltr'>lib.</span> <span class='ocrx_word' id='word_1_179' title='bbox 647 3295 714 3375; x_wconf 89' lang='lat'>111,</span> <span class='ocrx_word' id='word_1_180' title='bbox 731 3318 763 3358; x_wconf 83' lang='lat' dir='ltr'>v.</span> <span class='ocrx_word' id='word_1_181' title='bbox 781 3317 864 3380; x_wconf 88' lang='lat'>991,</span> <span class='ocrx_word' id='word_1_182' title='bbox 882 3316 953 3381; x_wconf 87' lang='lat' dir='ltr'>sqq.</span> <span class='ocrx_word' id='word_1_183' title='bbox 975 3294 1039 3359; x_wconf 89' lang='lat' dir='ltr'>Sed</span> <span class='ocrx_word' id='word_1_184' title='bbox 1061 3319 1128 3360; x_wconf 91' lang='lat' dir='ltr'>non</span> 
     </span>
     <span class='ocr_line' id='line_1_22' title="bbox 55 3397 1128 3490; baseline 0.006 -30"><span class='ocrx_word' id='word_1_185' title='bbox 55 3397 167 3460; x_wconf 90' lang='lat' dir='ltr'>minus</span> <span class='ocrx_word' id='word_1_186' title='bbox 184 3415 287 3487; x_wconf 89' lang='lat' dir='ltr'>patet,</span> <span class='ocrx_word' id='word_1_187' title='bbox 315 3398 348 3462; x_wconf 93' lang='lat' dir='ltr'>in</span> <span class='ocrx_word' id='word_1_188' title='bbox 374 3399 476 3462; x_wconf 87' lang='lat' dir='ltr'>Servii</span> <span class='ocrx_word' id='word_1_189' title='bbox 503 3399 652 3489; x_wconf 81' lang='lat' dir='ltr'>exemplo</span> <span class='ocrx_word' id='word_1_190' title='bbox 674 3416 791 3488; x_wconf 78' lang='lat' dir='ltr'>praeter</span> <span class='ocrx_word' id='word_1_191' title='bbox 806 3400 932 3464; x_wconf 85' lang='lat' dir='ltr'>fabulas</span> <span class='ocrx_word' id='word_1_192' title='bbox 952 3398 993 3463; x_wconf 92' lang='lat' dir='ltr'>de</span> <span class='ocrx_word' id='word_1_193' title='bbox 1009 3400 1128 3490; x_wconf 85' lang='lat' dir='ltr'>Tityo,</span> 
     </span>
     <span class='ocr_line' id='line_1_23' title="bbox 55 3502 1127 3593; baseline 0.006 -26"><span class='ocrx_word' id='word_1_194' title='bbox 55 3502 197 3591; x_wconf 85' lang='lat' dir='ltr'>Sisypho</span> <span class='ocrx_word' id='word_1_195' title='bbox 216 3520 249 3567; x_wconf 91' lang='lat' dir='ltr'>et</span> <span class='ocrx_word' id='word_1_196' title='bbox 267 3503 482 3584; x_wconf 86' lang='lat' dir='ltr'>Danaidihus,</span> <span class='ocrx_word' id='word_1_197' title='bbox 506 3526 586 3592; x_wconf 84' lang='lat' dir='ltr'>quas</span> <span class='ocrx_word' id='word_1_198' title='bbox 603 3503 703 3568; x_wconf 91' lang='lat' dir='ltr'>hodie</span> <span class='ocrx_word' id='word_1_199' title='bbox 720 3505 879 3593; x_wconf 84' lang='lat' dir='ltr'>legimus,</span> <span class='ocrx_word' id='word_1_200' title='bbox 902 3507 1059 3571; x_wconf 87' lang='lat' dir='ltr'>exstitisse</span> <span class='ocrx_word' id='word_1_201' title='bbox 1075 3531 1127 3573; x_wconf 92' lang='lat' dir='ltr'>se·</span> 
     </span>
     <span class='ocr_line' id='line_1_24' title="bbox 55 3609 1127 3703; baseline 0.009 -31"><span class='ocrx_word' id='word_1_202' title='bbox 55 3609 138 3672; x_wconf 90' lang='lat' dir='ltr'>riem</span> <span class='ocrx_word' id='word_1_203' title='bbox 160 3634 332 3690; x_wconf 83' lang='lat' dir='ltr'>versuum,</span> <span class='ocrx_word' id='word_1_204' title='bbox 359 3611 508 3700; x_wconf 85' lang='lat' dir='ltr'>mythnm</span> <span class='ocrx_word' id='word_1_205' title='bbox 530 3611 570 3675; x_wconf 92' lang='lat' dir='ltr'>de</span> <span class='ocrx_word' id='word_1_206' title='bbox 588 3612 702 3676; x_wconf 83' lang='lat' dir='ltr'>Ixione</span> <span class='ocrx_word' id='word_1_207' title='bbox 720 3613 854 3700; x_wconf 90' lang='lat' dir='ltr'>ejusque</span> <span class='ocrx_word' id='word_1_208' title='bbox 871 3629 948 3697; x_wconf 38' lang='lat' dir='ltr'>rota,</span> <span class='ocrx_word' id='word_1_209' title='bbox 959 3613 1127 3703; x_wconf 85' lang='lat' dir='ltr'>allegorice</span> 
     </span>
     <span class='ocr_line' id='line_1_25' title="bbox 55 3714 1125 3807; baseline 0.01 -30"><span class='ocrx_word' id='word_1_210' title='bbox 55 3714 285 3803; x_wconf 85' lang='lat' dir='ltr'>explicantium</span> <span class='ocrx_word' id='word_1_211' title='bbox 304 3740 312 3782; x_wconf 93' lang='lat'><strong>:</strong></span> <span class='ocrx_word' id='word_1_212' title='bbox 331 3741 414 3807; x_wconf 89' lang='lat' dir='ltr'>quos</span> <span class='ocrx_word' id='word_1_213' title='bbox 433 3740 545 3781; x_wconf 85' lang='lat' dir='ltr'>versus</span> <span class='ocrx_word' id='word_1_214' title='bbox 566 3741 626 3783; x_wconf 89' lang='lat' dir='ltr'>nos</span> <span class='ocrx_word' id='word_1_215' title='bbox 650 3741 733 3807; x_wconf 83' lang='lat' dir='ltr'>aegre</span> <span class='ocrx_word' id='word_1_216' title='bbox 751 3718 980 3785; x_wconf 85' lang='lat' dir='ltr'>desideramus.</span> <span class='ocrx_word' id='word_1_217' title='bbox 1014 3721 1125 3789; x_wconf 83' lang='lat' dir='ltr'>Alium</span> 
     </span>
     <span class='ocr_line' id='line_1_26' title="bbox 56 3819 1126 3912; baseline 0.008 -28"><span class='ocrx_word' id='word_1_218' title='bbox 56 3819 205 3887; x_wconf 86' lang='lat' dir='ltr'>Gifanius</span> <span class='ocrx_word' id='word_1_219' title='bbox 221 3821 330 3888; x_wconf 89' lang='lat' dir='ltr'>locum</span> <span class='ocrx_word' id='word_1_220' title='bbox 345 3824 445 3888; x_wconf 88' lang='lat' dir='ltr'>Servii</span> <span class='ocrx_word' id='word_1_221' title='bbox 464 3822 614 3906; x_wconf 85' lang='lat' dir='ltr'>adducit,</span> <span class='ocrx_word' id='word_1_222' title='bbox 637 3825 672 3888; x_wconf 89' lang='lat' dir='ltr'>in</span> <span class='ocrx_word' id='word_1_223' title='bbox 693 3826 942 3891; x_wconf 87' lang='lat' dir='ltr'>Commentariis</span> <span class='ocrx_word' id='word_1_224' title='bbox 959 3827 1029 3912; x_wconf 91' lang='lat' dir='ltr'>ejus</span> <span class='ocrx_word' id='word_1_225' title='bbox 1045 3828 1126 3893; x_wconf 83' lang='lat' dir='ltr'>mihi</span> 
     </span>
     <span class='ocr_line' id='line_1_27' title="bbox 56 3925 1124 4017; baseline 0.009 -29"><span class='ocrx_word' id='word_1_226' title='bbox 56 3925 205 3997; x_wconf 90' lang='lat' dir='ltr'>nondum</span> <span class='ocrx_word' id='word_1_227' title='bbox 235 3944 401 4017; x_wconf 90' lang='lat' dir='ltr'>repertum</span> <span class='ocrx_word' id='word_1_228' title='bbox 425 3927 492 4016; x_wconf 89' lang='lat'>(1),</span> <span class='ocrx_word' id='word_1_229' title='bbox 527 3929 585 3993; x_wconf 92' lang='lat' dir='ltr'>uhi</span> <span class='ocrx_word' id='word_1_230' title='bbox 610 3931 760 3996; x_wconf 88' lang='lat' dir='ltr'>Lucretio</span> <span class='ocrx_word' id='word_1_231' title='bbox 793 3931 1035 3996; x_wconf 88' lang='lat' dir='ltr'>hemistichium</span> <span class='ocrx_word' id='word_1_232' title='bbox 1066 3935 1124 3998; x_wconf 88' lang='lat' dir='ltr'>tri-</span> 
     </span>
    </p>
   </div>
   <div class='ocr_carea' id='block_1_4' title="bbox 54 4030 741 4202">
    <p class='ocr_par' dir='ltr' id='par_1_4' title="bbox 54 4030 741 4202">
     <span class='ocr_line' id='line_1_28' title="bbox 54 4030 191 4099; baseline 0.029 -4"><span class='ocrx_word' id='word_1_233' title='bbox 54 4030 170 4098; x_wconf 90' lang='lat' dir='ltr'>buitur</span> <span class='ocrx_word' id='word_1_234' title='bbox 183 4058 191 4099; x_wconf 74' lang='grc' dir='ltr'><strong>ε</strong></span> 
     </span>
     <span class='ocr_line' id='line_1_29' title="bbox 248 4123 741 4202; baseline 0.004 -21"><span class='ocrx_word' id='word_1_235' title='bbox 248 4123 355 4202; x_wconf 88' lang='lat' dir='ltr'>Superi</span> <span class='ocrx_word' id='word_1_236' title='bbox 377 4123 518 4202; x_wconf 79' lang='lat' dir='ltr'>spoliatus</span> <span class='ocrx_word' id='word_1_237' title='bbox 537 4123 654 4182; x_wconf 84' lang='lat' dir='ltr'>luminis</span> <span class='ocrx_word' id='word_1_238' title='bbox 676 4143 741 4197; x_wconf 86' lang='lat' dir='ltr'>aer,</span> 
     </span>
    </p>
   </div>
   <div class='ocr_carea' id='block_1_5' title="bbox 54 4236 1065 4563">
    <p class='ocr_par' dir='ltr' id='par_1_5' title="bbox 54 4236 1141 4565">
     <span class='ocr_line' id='line_1_30' title="bbox 55 4236 1065 4330; baseline -0.012 -27"><span class='ocrx_word' id='word_1_239' title='bbox 55 4236 146 4327; x_wconf 91' lang='lat' dir='ltr'>quod</span> <span class='ocrx_word' id='word_1_240' title='bbox 164 4256 196 4305; x_wconf 90' lang='lat' dir='ltr'>et</span> <span class='ocrx_word' id='word_1_241' title='bbox 220 4241 327 4330; x_wconf 89' lang='lat' dir='ltr'>ipsum</span> <span class='ocrx_word' id='word_1_242' title='bbox 344 4242 435 4307; x_wconf 90' lang='lat' dir='ltr'>abest</span> <span class='ocrx_word' id='word_1_243' title='bbox 459 4266 478 4307; x_wconf 93' lang='lat' dir='ltr'>a</span> <span class='ocrx_word' id='word_1_244' title='bbox 501 4243 621 4308; x_wconf 85' lang='lat' dir='ltr'>nostris</span> <span class='ocrx_word' id='word_1_245' title='bbox 640 4242 750 4326; x_wconf 79' lang='lat' dir='ltr'>libris,</span> <span class='ocrx_word' id='word_1_246' title='bbox 769 4264 850 4328; x_wconf 88' lang='lat' dir='ltr'>nec,</span> <span class='ocrx_word' id='word_1_247' title='bbox 872 4242 1005 4324; x_wconf 26' lang='lat' dir='ltr'>ubist»,</span> <span class='ocrx_word' id='word_1_248' title='bbox 1023 4246 1041 4307; x_wconf 55' lang='lat' dir='ltr'><strong>f</strong></span> <span class='ocrx_word' id='word_1_249' title='bbox 1061 4240 1065 4247; x_wconf 89' lang='lat'>&#39;</span> 
     </span>
     <span class='ocr_line' id='line_1_31' title="bbox 54 4346 969 4436; baseline -0.022 -25"><span class='ocrx_word' id='word_1_250' title='bbox 54 4346 169 4431; x_wconf 90' lang='lat' dir='ltr'>reponi</span> <span class='ocrx_word' id='word_1_251' title='bbox 186 4348 303 4435; x_wconf 86' lang='lat' dir='ltr'>possit,</span> <span class='ocrx_word' id='word_1_252' title='bbox 319 4348 431 4436; x_wconf 88' lang='lat' dir='ltr'>liquet.</span> <span class='ocrx_word' id='word_1_253' title='bbox 966 4427 969 4431; x_wconf 22' lang='grc' dir='ltr'>Ι</span> 
     </span>
     <span class='ocr_line' id='line_1_32' title="bbox 91 4464 929 4563; baseline -0.078 -36"><span class='ocrx_word' id='word_1_254' title='bbox 91 4477 131 4544; x_wconf 86' lang='lat' dir='ltr'>(r)</span> <span class='ocrx_word' id='word_1_255' title='bbox 149 4481 249 4547; x_wconf 73' lang='lat' dir='ltr'>Legitur</span> <span class='ocrx_word' id='word_1_256' title='bbox 257 4493 338 4533; x_wconf 79' lang='lat' dir='ltr'>sutem</span> <span class='ocrx_word' id='word_1_257' title='bbox 349 4483 382 4534; x_wconf 79' lang='lat' dir='ltr'>ad</span> <span class='ocrx_word' id='word_1_258' title='bbox 391 4487 448 4536; x_wconf 75' lang='lat' dir='ltr'>AEu.</span> <span class='ocrx_word' id='word_1_259' title='bbox 459 4486 503 4545; x_wconf 82' lang='lat' dir='ltr'>IV,</span> <span class='ocrx_word' id='word_1_260' title='bbox 518 4485 579 4544; x_wconf 68' lang='lat'>654.</span> <span class='ocrx_word' id='word_1_261' title='bbox 590 4464 862 4563; x_wconf 28' lang='lat' dir='ltr'>wib-vm,</span> <span class='ocrx_word' id='word_1_262' title='bbox 910 4466 929 4483; x_wconf 89' lang='lat'>&#39;</span> 
     </span>
    </p>
   </div>
   <div class='ocr_carea' id='block_1_6' title="bbox 0 0 1318 5228">
    <p class='ocr_par' dir='ltr' id='par_1_6' title="bbox 0 0 1318 5228">
     <span class='ocr_line' id='line_1_33' title="bbox 0 0 1318 5228; baseline 0 2"><span class='ocrx_word' id='word_1_263' title='bbox 0 0 1318 5228; x_wconf 95' lang='lat' dir='ltr'> </span> 
     </span>
    </p>
   </div>
  </div>
 </body>
</html>
