2626 5228
109 380 133 462 4
500 375 788 444 WAKEFIELDI

112 506 258 581 recensio
277 505 352 569 satis
368 502 532 569 indicabit.
547 505 728 592 Aliquoties
744 505 907 593 prolecto,
928 504 985 570 sed
1001 505 1183 587 rarissime,

110 611 186 699 vitia
201 608 358 698 quaedam,
373 610 468 699 longe
482 610 694 692 crassissima,
709 607 851 697 prudens
869 609 998 674 silentio
1017 612 1183 698 praeterii,

110 717 238 781 nullum
251 717 386 780 omnino
398 738 494 780 usum
508 715 668 791 habitura,
682 715 738 779 sed
751 715 848 778 nitori
861 733 1045 780 nostrarum
1058 717 1183 781 solum-

109 821 209 886 modo
221 818 409 911 pagin'arum
424 820 712 885 dehonestamento
728 819 905 884 foedissimo
921 823 1050 903 futura,
1070 838 1106 886 et
1123 845 1182 910 pa·

108 929 208 993 ritura
237 950 336 1016 porro
362 925 493 991 taedium
520 926 708 991 lectoribus.
737 927 809 1006 Sic,
831 928 970 1015 exempli
999 929 1120 1017 gratia,
1156 930 1182 993 si

95 1053 249 1122 paeonem
265 1031 471 1099 offendissem
489 1055 549 1120 pro
557 1054 749 1118 puerorum,
767 1047 800 1096 et
806 1038 941 1120 proesscls
955 1056 1015 1121 pro
1032 1037 1180 1120 pressu,

105 1157 202 1228 atquc
215 1141 350 1221 hujusce
364 1140 475 1204 larinas
484 1138 624 1203 subinde
637 1139 715 1222 alia,
729 1140 827 1204 malui
839 1141 1075 1205 conticescere:
1086 1141 1182 1228 quod

106 1246 206 1309 nihilo
228 1247 337 1311 minus
357 1243 560 1308 monendum
576 1244 700 1325 habeo,
722 1267 764 1309 ne
781 1245 1019 1332 pretiosissimis
1039 1246 1183 1332 quibus·

102 1352 176 1417 dam
189 1352 396 1417 varietatibus
413 1350 598 1415 fraudatum
617 1374 651 1416 se
667 1353 771 1416 lector
785 1352 935 1417 curiosus
956 1368 1060 1439 putet.
1084 1352 1184 1420 Hanc

101 1459 191 1548 prius
203 1459 396 1540 editionem,
417 1482 514 1545 quam
528 1459 608 1522 mihi
620 1458 687 1523 fors
701 1481 772 1523 eam
787 1458 944 1522 obtulerit
959 1480 1021 1521 aere
1040 1463 1183 1547 proprio

102 1564 343 1644 redimendam,
370 1563 403 1626 in
424 1586 514 1627 meos
534 1587 612 1628 usus
636 1563 895 1630 commodaverat
919 1586 958 1627 ex
974 1563 1185 1630 'bibliotheca

104 1671 173 1755 ejus
194 1670 467 1750 sumtuosissima,
487 1686 518 1734 et
532 1670 807 1757 exquisitissimis,
832 1692 932 1734 omne
949 1692 1071 1759 genus,
1089 1671 1185 1737 libris

104 1774 297 1864 adimpleta,
321 1768 475 1839 Cnar'ron
496 1776 729 1840 Cnscnrnona.

149 1879 273 1967 Optimi
288 1878 431 1964 ejusdem
445 1880 505 1943 viri
517 1880 701 1944 humanitas
714 1902 766 1944 mc
779 1878 923 1945 devinxit
939 1879 1073 1968 insuper
1086 1905 1186 1947 mon·

104 1986 258 2051 stratione
281 1987 413 2048 Venetae
437 1985 607 2066 editionis,
633 2007 705 2073 quae
728 1985 821 2050 tertia
839 2002 904 2068 est,
927 2003 960 2050 et
983 1987 1185 2076 Hieronymi

105 2092 239 2157 Avancii
256 2114 333 2156 cura
346 2108 517 2179 procurata
528 2090 649 2180 prodiit
658 2090 747 2179 apud
761 2090 898 2173 Aldum,
915 2109 1036 2180 quartae
1052 2092 1184 2177 formae,

104 2223 191 2263 anno
215 2222 274 2262 mo.
297 2198 534 2262 Monstratione
558 2197 642 2280 dixi3
665 2221 740 2262 nam
764 2221 844 2262 usus
864 2200 999 2263 ulterior
1022 2222 1185 2286 superva-

68 2305 70 2309 ’
105 2327 224 2368 cuncus
235 2304 366 2385 fuisset,
378 2325 481 2390 quum
495 2301 686 2390 profiteatur
698 2303 815 2386 editor,
824 2327 858 2368 se
873 2304 998 2368 nullum
1012 2306 1186 2394 exemplar

104 2411 277 2498 antiquum
303 2409 489 2474 adhibuisse
512 2409 812 2498 manuscriptum,
844 2409 901 2474 sed
925 2412 1186 2477 conformavisse

105 2531 230 2580 textum
253 2539 292 2579 ex
312 2514 509 2596 Veronensi;
528 2513 686 2602 parallelis
709 2514 848 2580 aliorum
869 2516 1064 2603 scriptorum
1081 2515 1185 2600 locis,

104 2643 181 2684 cum
195 2620 374 2685 Aristotelis
394 2618 712 2707 operibus,aliisque
728 2619 856 2709 scriptis
871 2637 1037 2703 veterum,
1053 2621 1087 2683 in
1102 2623 1186 2688 sub·

104 2725 223 2790 sidium
242 2724 439 2790 convocatis.

147 2834 265 2896 Denuo
282 2830 366 2920 typis
381 2851 479 2893 cusus
493 2845 541 2894 est
554 2831 724 2896 Lucretius
739 2832 882 2898 Venetiis
890 2881 900 2913 ,
920 2834 954 2896 iu
969 2831 1083 2896 iisdem
1098 2837 1185 2902 aedi·

102 2938 164 3002 bus
183 2937 324 3018 Aldinis,
348 2935 453 3000 forma
469 2934 679 3019 duodecima,
698 2962 787 3003 anno
808 2960 914 3019 noxv,
929 2962 969 3004 ex
988 2941 1185 3008 recensione

101 3060 199 3130 atque
221 3040 482 3132 castigationibus
507 3039 643 3106 Andreae
663 3043 841 3134 Naugerii:
865 3045 923 3133 qui
942 3045 1111 3108 nullorum
1133 3048 1184 3112 in·

101 3164 187 3212 terea
201 3147 360 3211 librorum
374 3140 450 3209 lllss.
466 3145 616 3233 praesidio
630 3169 664 3210 se
680 3145 853 3212 suffultum
870 3172 939 3212 csse
956 3147 1134 3236 praedicat3
1153 3170 1185 3218 et

100 3251 310 3318 solummodo
333 3282 346 3306 ι
358 3250 480 3316 cursim
502 3250 633 3332 dicitur,
652 3270 788 3340 propter
805 3255 906 3343 ipsius
926 3255 1183 3343 occupationes,

98 3377 131 3425 et
143 3346 364 3449 importunam
376 3357 610 3446 impressorum
622 3358 878 3444 festinationem,
894 3379 1001 3425 tamen
1014 3382 1183 3450 accurate,

97 3487 336 3531 recensuisse».

141 3571 194 3640 Ad
211 3572 336 3638 Aldinae
350 3570 467 3658 prioris
482 3592 631 3635 normam
649 3574 783 3639 Iuntina
794 3575 841 3664 (ι)
861 3574 1068 3664 potissimum
1083 3596 1184 3643 com·

129 3765 171 3830 (ι)
197 3766 256 3814 Hos
279 3763 425 3827 neutiquam
450 3779 536 3810 verum
562 3773 614 3827 eat,
662 3770 752 3828 sentin
772 3770 806 3817 tu
826 3779 854 3816 ut
872 3768 958 3832 potius
975 3768 1023 3815 virt
1037 3766 1183 3821 (taunasim

94 3862 171 3910 quum
181 3843 297 3893 facillimo
309 3844 411 3907 negotio
421 3860 453 3891 ex
462 3859 515 3892 uno
525 3845 615 3906 quovis
663 3839 819 3904 negligentias
842 3839 875 3888 sit
899 3839 1076 3896 tribuendum,
1099 3856 1182 3904 quum

93 3923 158 3973 libro
171 3923 254 3988 plures
269 3940 343 3987 quam
362 3935 463 3972 centum
483 3922 552 3970 locor
571 3923 609 3971 at*-
658 3934 710 3966 nou
720 3919 769 3966 nist
782 3933 873 3983 paucas
887 3919 1015 3981 scriptura
1027 3916 1180 3983 discrepan-

92 4002 156 4053 [ατη
168 4002 275 4068 possim,
288 4003 314 4050 in
331 4002 422 4068 quibua
436 4011 539 4066 utraque
556 4001 606 4051 dis·
657 3998 703 4045 tias
716 3997 781 4046 inter
796 4005 925 4061 utramque
940 3995 1135 4062 deprehendisse
1150 4017 1180 4050 ae
