2626 5228
448 841 739 921 raAErAuo.
1057 846 1125 953 mj

54 1019 116 1082 ter
135 1004 209 1080 XV
226 1001 369 1081 saeculo
389 1002 560 1110 scriptus
581 1032 589 1080 :
610 1004 674 1081 cni
694 1001 939 1081 recensendo
964 1030 1128 1110 operam

53 1147 253 1227 insumere
281 1175 364 1226 non
394 1164 454 1226 est
482 1148 628 1247 visum,
654 1147 770 1256 quia,
802 1149 1130 1256 quotiescumque

53 1287 106 1369 ab
121 1316 169 1368 eo
188 1315 306 1396 opem
325 1288 498 1400 aliquam
517 1305 558 1366 et
573 1289 707 1367 lumen
723 1287 886 1396 quaesivi
901 1347 910 1385 ,
925 1305 1129 1396 exspecta-

54 1430 206 1511 tionem
231 1456 359 1508 meam
387 1455 555 1536 semper,
580 1428 772 1507 exhibitis
796 1428 1027 1534 vulgaribus
1047 1428 1129 1537 jam

53 1569 313 1668 lectionibus,
349 1569 562 1649 frustratus
597 1587 669 1648 est.
702 1569 966 1674 Forbigerum
995 1571 1130 1677 itaque

54 1710 199 1790 ducem
218 1711 260 1787 in
280 1709 466 1788 omnibus
488 1708 570 1788 fere
597 1726 812 1817 sequutus,
850 1738 971 1788 unam
996 1726 1130 1789 tamen

54 1867 125 1930 aut
143 1852 308 1930 alteram
326 1852 539 1931 lectionem
559 1852 786 1949 immutavi,
804 1851 975 1930 aliorum
997 1850 1128 1931 obiter

50 1991 204 2101 judicio
221 2010 259 2074 et
273 1994 501 2072 auctoritati
523 1994 648 2098 magis
662 1991 959 2091 obsecundans;
975 1992 1045 2072 sed
1060 1994 1128 2071 vix

55 2134 176 2213 semel
205 2151 243 2213 et
274 2137 316 2213 in
347 2134 567 2242 desperatis
592 2132 811 2214 admodum
836 2133 934 2213 locis
961 2132 1012 2212 de
1040 2160 1129 2212 meo

56 2303 165 2382 penu
185 2273 407 2383 quidquam
428 2274 613 2354 infercire
635 2304 753 2355 ausus
777 2303 877 2354 sum.

109 2417 155 2494 In
180 2417 287 2495 notis
305 2418 430 2523 igitur
454 2417 649 2524 plurimus
678 2417 796 2497 labor
819 2414 1035 2496 exsudatus
1061 2432 1132 2494 est.

56 2558 155 2635 Rem
172 2559 277 2638 enim
298 2587 346 2638 eo
361 2559 444 2668 jam
465 2558 668 2639 adduxere
687 2559 1011 2640 doctissimorum
1026 2559 1135 2638 viro·

56 2698 294 2778 rumstudia
313 2717 352 2778 et
367 2699 687 2779 elucubrationes
702 2717 764 2799 ut,
778 2700 849 2808 qui
862 2728 1006 2778 munus
1021 2727 1135 2778 suum

56 2837 160 2918 bene
174 2840 368 2918 sustinere
383 2840 478 2919 velit
495 2841 640 2936 veteris
658 2840 943 2949 cujuscumque
963 2840 1135 2919 auctoris

55 2980 200 3080 editor,
220 3012 327 3062 nunc
347 2981 491 3063 debeat
507 2983 656 3063 nullam
677 2984 904 3093 relinquere
920 2984 1136 3063 verborum

56 3122 334 3204 difficultatem
360 3126 458 3232 quin
484 3126 742 3233 explanetur,
767 3127 897 3205 nullas
921 3125 1136 3205 sententia-

57 3292 148 3342 rum
181 3268 366 3371 ambages
403 3270 502 3376 quin
530 3269 802 3366 resolvantur,
832 3269 980 3347 nullam
1017 3254 1137 3372 argn-

57 3405 181 3482 menti
203 3404 493 3484 ‘obscuritatem
516 3409 615 3513 quin
635 3408 876 3505 illustretur,
896 3406 1050 3484 nullum
1070 3403 1139 3483 de·

57 3545 179 3653 nique
207 3546 249 3623 in
277 3566 399 3652 opere
422 3562 510 3625 toto
530 3547 674 3627 vulnus
696 3549 796 3657 quin
825 3547 1068 3644 sanandum,
1103 3548 1136 3626 si

56 3716 136 3795 qua
151 3689 306 3767 ratione
325 3706 459 3795 potest
475 3690 627 3788 sanari,
651 3693 903 3799 suscipiatur.
921 3691 1007 3770 Hac
1026 3691 1137 3799 equi-

56 3827 149 3907 dem
172 3846 303 3908 mente
331 3829 460 3909 labori
489 3832 710 3930 accinctus,
742 3833 855 3911 nolui
890 3849 1134 3912 commenta-

56 3971 162 4049 rium
197 3972 316 4078 plane
355 4001 523 4070 novum,
561 3991 601 4052 et
631 4001 751 4082 quem
787 3975 954 4064 omnino
1001 3999 1132 4051 meum

53 4110 266 4218 jactarem,
304 4110 500 4191 conficere
530 4141 538 4189 :
581 4111 651 4192 sed
684 4141 768 4192 non
814 4113 962 4191 minori
1000 4111 1135 4189 forsan

57 4278 179 4330 onere
216 4271 422 4361 suscepto,
452 4253 737 4334 modestiorem
784 4270 891 4333 certe
932 4250 1134 4358 professus

62 4421 247 4501 operam,
278 4397 424 4475 auxilia
454 4395 721 4505 undequaque
749 4396 914 4475 collecta
944 4392 1133 4500 inhujus

61 4534 252 4615 editionis
261 4537 473 4617 utilitatem
484 4554 524 4618 et
536 4529 1132 4625 ornamentumverterestudni,
