2626 5228
196 338 242 411 16
587 342 875 412 WAKEFIELDI

194 464 314 527 nullm
345 482 478 550 operam
502 463 744 549 impertiuntur.
772 464 909 547 Quoties
937 485 1015 526 vero
1045 468 1270 551 cessaverim,

192 585 227 632 et
246 568 461 631 intentionem
484 569 581 632 animi
599 569 735 633 videbor
753 570 930 651 remisisse,
949 569 1030 633 mihi
1048 572 1271 639 vehementer

192 673 391 762 gratulabor,
407 697 443 737 ac
460 697 535 738 cum
552 675 632 738 meis
649 674 763 738 studiis
780 674 915 739 feliciter
933 691 1042 739 actum
1066 698 1142 741 esse
1160 679 1270 744 existi·

192 778 307 860 mabo,
325 779 370 861 si,
390 779 575 843 liberalibus
593 795 692 867 atque
706 802 783 844 vere
803 778 938 845 cruditis
956 803 1082 845 errores
1103 782 1269 848 benevole

191 885 464 967 monstrantibus,
476 886 649 974 malignam
664 886 885 950 cavillatorum
904 886 1133 973 intemperiem
1152 906 1268 977 potero

189 990 386 1054 lucrifacere.

234 1098 273 1159 ln
286 1097 473 1161 universum
486 1120 574 1180 sane,
587 1099 651 1161 hoc
662 1097 713 1161 vel
725 1099 759 1160 in
774 1099 921 1162 maximis
933 1099 1082 1162 omnium
1097 1119 1118 1160 a
1133 1119 1266 1165 memet·

188 1203 260 1290 ipso
273 1201 488 1268 obtinendum
501 1226 571 1268 esse
584 1204 757 1267 arbitratus
769 1226 859 1286 sum,
876 1219 913 1268 ut
930 1227 972 1268 ne
987 1206 1068 1293 quid
1083 1230 1140 1273 me
1152 1226 1265 1296 putem

188 1310 286 1392 scire,
305 1309 394 1398 quod
412 1311 572 1392 nesciam3
590 1333 798 1399 quaeramque
817 1334 944 1401 semper
959 1310 1152 1396 addiscere,
1178 1316 1265 1404 quod

186 1414 353 1504 ignorem:
366 1438 470 1503 quum
486 1415 640 1497 sentiam,
653 1417 760 1480 minus
771 1415 926 1505 prodesse
935 1418 1037 1504 perite
1048 1419 1131 1506 quid
1142 1422 1265 1504 faeere,

186 1546 283 1610 quam
306 1522 420 1586 obesse
438 1544 608 1610 perperam
628 1522 751 1587 fecisse.
783 1523 963 1603 Nimirum,
992 1523 1027 1587 in
1055 1524 1107 1587 his
1131 1542 1264 1616 tempo-

185 1650 260 1691 rum
274 1628 444 1716 angustiis,
459 1650 556 1692 nemo
569 1626 667 1692 debet
681 1628 895 1692 admiratione
905 1629 1122 1710 commoveri,
1136 1631 1264 1697 nedum

184 1732 346 1823 indignari
363 1732 493 1815 debeat,
512 1734 559 1814 si,
581 1733 747 1797 laboribus
764 1735 831 1798 suis
847 1734 1043 1815 victitantes,
1062 1749 1094 1797 et
1111 1756 1150 1798 re
1171 1737 1264 1802 fami·

183 1837 253 1903 liari
266 1839 405 1903 arctiore
421 1838 536 1926 vigiliis
554 1837 691 1922 addicti,
708 1862 769 1903 nec
789 1862 855 1903 non
873 1839 885 1927 (
895 1836 986 1926 quod
1005 1839 1052 1902 rei
1070 1857 1178 1928 caput
1197 1844 1263 1930 est)

183 1945 268 2008 inter
282 1945 440 2008 librorum
455 1946 669 2010 vetustiorum
684 1969 788 2010 raram
804 1945 900 2010 nimis
914 1945 1010 2009 nimis
1022 1945 1264 2032 supellectilem

182 2050 385 2114 tenebricose
420 2049 585 2138 dispalati,
613 2052 639 2114 si
673 2052 819 2133 scilicet,
848 2051 899 2115 bis
932 2051 1264 2120 incommoditatibus

181 2157 284 2246 pressi
302 2156 521 2244 districtique,
539 2157 687 2245 quaedam
706 2158 855 2221 emittant
868 2158 1008 2222 nimium
1025 2156 1265 2246 deproperata‚

181 2286 289 2351 neque
310 2261 352 2326 ad
377 2285 523 2351 unguem
541 2282 752 2351 praesectum,
777 2262 1056 2351 quemadmodum
1084 2263 1265 2355 vellemus,

178 2369 392 2456 complanata.
417 2371 488 2432 Alia
517 2386 593 2433 sunt
616 2371 761 2458 insuper,
784 2392 871 2433 meas
896 2371 970 2435 ritae
989 2370 1134 2433 rationes
1161 2374 1265 2438 attin-

180 2477 300 2564 gentis,
317 2492 350 2539 et
361 2499 511 2565 magnam
524 2476 610 2565 apud
624 2494 749 2542 mentes
762 2477 919 2567 benignas
932 2477 1126 2541 humanitus
1141 2478 1265 2545 admis-

180 2604 292 2646 sorum
311 2583 552 2647 excusationem
581 2583 762 2647 habitura:
788 2582 828 2647 de
854 2584 975 2671 quibus
1001 2599 1109 2646 tamen
1142 2588 1265 2652 melius

181 2704 287 2751 tacere
304 2704 403 2776 puto,
422 2712 518 2777 quam
537 2690 706 2777 questibus
721 2690 900 2755 ambitiosis
918 2689 1057 2754 inaniter
1073 2688 1263 2782 indulgere

224 2793 343 2870 Porro,
360 2817 402 2858 ne
420 2817 471 2858 me
488 2795 647 2876 fortassis,
665 2794 707 2881 ab
726 2794 781 2859 tali
798 2795 914 2883 puerili
940 2798 1065 2883 quaselq
1080 2800 1264 2866 remotissi-

181 2922 291 2980 mum,
307 2899 408 2963 lector
431 2900 591 2964 existimet
612 2901 752 2989 propriis
770 2900 894 2989 ingenii
912 2900 1043 2964 foetibus
1064 2899 1139 2986 plus
1165 2926 1263 2994 aequo

180 3003 350 3087 delectari,
374 3007 465 3094 quod
486 3030 562 3071 eum
580 3008 674 3072 toties
698 3006 738 3072 ad
758 3007 877 3072 Silvam
901 3029 1006 3072 meam
1032 3004 1198 3073 Criticarn
1211 3034 1263 3075 re·

182 3111 344 3194 miserim,
362 3110 531 3177 docendus
549 3128 665 3194 restat,
688 3136 741 3178 me
757 3129 961 3200 compertum
979 3112 1116 3193 habere,
1136 3136 1179 3179 ex
1199 3139 1262 3182 usu

181 3220 344 3283 literarum
357 3221 545 3302 maturiore,
564 3221 703 3309 plurima
720 3219 754 3282 in
773 3219 841 3283 istis
859 3218 1147 3284 lucubrationibus
1166 3223 1260 3289 inve·

180 3324 260 3404 niri,
277 3347 348 3412 quae
366 3326 431 3389 sint
441 3325 627 3408 juveniliter
640 3325 824 3406 temeraria,
843 3326 1036 3412 ἀπρωδώνυσα
1057 3348 1210 3414 prorsus,
1225 3348 1257 3394 et

179 3430 313 3496 homine
333 3432 446 3497 critico
468 3431 620 3520 indigna3
647 3431 704 3497 sed
722 3454 794 3519 quoe
809 3433 842 3495 in
863 3430 1024 3495 sitientem
1047 3431 1159 3514 famae,
1183 3459 1261 3500 rure

179 3552 288 3600 tamen
310 3536 479 3618 abditum,
504 3553 536 3601 et
553 3561 571 3600 a
587 3538 676 3601 libris
698 3537 972 3624 sermonibusque
988 3536 1167 3603 doctorum
1193 3542 1260 3606 dis·

175 3642 433 3722 junctissimam,
451 3641 600 3706 facillime
617 3659 751 3731 possent
770 3641 884 3706 cadere
898 3665 906 3705 :
921 3658 999 3706 sunt
1014 3657 1123 3706 autem
1140 3667 1260 3712 rursus

179 3749 318 3835 plurima
329 3749 390 3811 rite
404 3749 601 3842 excogitata,
618 3751 724 3837 qualia
741 3750 829 3812 viros
847 3749 962 3812 barum
977 3771 1087 3811 rerum
1102 3749 1261 3818 callentes

174 3851 321 3932 jucunde
335 3851 562 3934 morabuntur,
575 3870 607 3917 et
618 3845 742 3918 aetatem
759 3855 881 3919 ferent:
895 3877 929 3918 ea
943 3854 1171 3941 potissimum,
1186 3882 1260 3947 quae

178 3960 211 4022 in
226 3959 312 4022 Nori
326 3956 469 4023 Foederis
484 3954 705 4026 monumentis
723 3958 920 4048 explicandis
936 3977 1035 4048 atque
1051 3959 1260 4031 illustrandis
