2656 4794
144 422 190 468 ao
228 393 232 397 ’
434 393 497 466 DE
518 393 556 466 Τ.
574 399 785 469 LUCRETll
812 400 920 468 CARI

140 538 215 586 ante
231 520 395 588 Christum
409 518 463 605 95.
482 520 542 583 Atii
553 519 599 607 (1)
611 568 620 601 ,
634 521 743 583 nescio
758 543 825 607 quo
841 537 993 605 auctore,
1009 522 1127 588 natales
1144 523 1218 603 ejus

139 627 285 691 referunt
306 623 347 689 ad
367 647 395 687 a.
408 625 448 687 U.
460 626 493 688 C.
507 624 590 706 658,
610 647 677 712 quo
691 648 799 705 anno,
817 648 900 689 coss.
911 627 945 691 L.
958 627 1084 695 Licinio
1096 633 1217 694 Crasso

139 749 173 797 et
190 734 231 816 Q.
249 731 359 797 Mucio
377 730 532 806 Scaevola,
550 729 748 793 nobilissima
768 731 820 795 illa
844 731 895 795 lex
915 732 1033 798 Licinia
1054 751 1087 798 et
1103 735 1216 799 Mucia

138 839 179 903 de
193 840 318 904 civitate
329 839 407 916 lata,
425 836 1037 925 proestantissimusqueJureconsultus3
1053 842 1214 925 Rutilius,

137 970 155 1009 a
178 943 359 1035 publicanis
383 943 415 1005 in
443 941 590 1005 exsilium
611 943 729 1006 missus
753 960 810 1008 est.
832 943 897 1008 Sed
920 949 1058 1012 natalem
1086 971 1214 1011 annum

136 1052 260 1117 etiamsi
273 1067 360 1114 certo
373 1049 571 1112 constituere
588 1071 655 1112 non
671 1051 774 1132 liceat,
789 1065 895 1113 tamen
906 1051 987 1116 illud
998 1052 1100 1117 dubio
1113 1070 1212 1134 caret,

134 1158 180 1222 M.
194 1157 337 1221 Tullium
352 1155 542 1218 Ciceronem
559 1154 712 1218 Lucretio
731 1171 844 1219 nostro
866 1156 992 1244 aliquot
1009 1159 1119 1223 lustris
1140 1182 1212 1223 ma·

130 1263 236 1343 jorem
254 1261 370 1340 fuisse,
387 1259 413 1322 si
431 1256 564 1346 quidem
580 1259 671 1322 illum
688 1260 729 1341 Q
739 1260 873 1324 Servilio
886 1263 1036 1349 Caepione
1050 1281 1082 1327 et
1096 1267 1132 1328 C.
1144 1264 1212 1328 Ati·

133 1370 177 1432 lio
194 1370 332 1432 Serrano
348 1387 431 1428 coss.
447 1366 480 1426 in
499 1365 603 1428 lucem
622 1364 746 1428 editum
763 1382 900 1431 constat.
912 1366 1061 1432 Efficitur
1075 1393 1211 1458 quoque

133 1496 173 1538 ex
191 1473 251 1535 hac
273 1488 458 1558 temporum
481 1470 669 1557 putatione,
694 1486 809 1557 praeter
835 1473 1047 1557 Ciceronem,
1073 1475 1115 1538 de
1142 1499 1210 1563 quo

132 1577 285 1657 diximus,
293 1575 522 1655 Hortensium,
536 1577 697 1650 Crassum,
712 1577 855 1657 Cottam,
868 1577 1054 1666 Sulpitium,
1066 1602 1210 1668 moxque

132 1685 269 1749 Brutum
280 1731 289 1763 ‚
299 1679 475 1761 Calidium,
484 1681 636 1761 Coelium,
650 1681 781 1744 Calvum
791 1730 800 1762 ,
809 1695 841 1744 et
853 1683 1038 1770 proximum
1053 1686 1208 1750 Ciceroni

132 1791 308 1869 Caesarem,
319 1809 498 1874 eorumque
509 1787 599 1849 velut
610 1785 760 1850 alumnos
769 1836 778 1868 ,
787 1788 964 1852 Corvinum
976 1813 1013 1854 ao
1022 1790 1207 1856 Pollionem

131 1896 299 1976 Asinium3
312 1893 533 1979 aemulumque
542 1890 761 1982 Thucydidis,
772 1881 975 1978 Sallustium,
990 1913 1208 1986 auctoresque

130 2002 330 2082 carnrinum,
345 2000 524 2063 Varronem
544 1998 717 2061 Atacinum
734 2021 771 2062 ac
788 2000 992 2080 Lucretium,
1013 2025 1120 2090 neque
1135 2004 1205 2067 ullo

129 2110 163 2173 in
190 2105 331 2193 suscepti
349 2106 456 2192 operis
478 2104 581 2167 forma
609 2105 768 2168 minorem
786 2105 967 2189 Catullum,
983 2107 1071 2171 haud
1093 2108 1204 2173 multis

129 2213 286 2280 diremtos
303 2209 456 2300 gradibus
474 2211 574 2273 retatis
593 2207 748 2274 lloruisse.
768 2213 849 2294 Quae
863 2212 1003 2278 Lucretii
1017 2230 1091 2277 aetas
1108 2216 1205 2279 etiam

129 2318 270 2384 Cornelii
285 2312 422 2404 Nepotis
443 2316 495 2405 (in
512 2316 575 2380 vita
590 2316 688 2379 Anici
702 2317 784 2398 XII,
797 2316 838 2400 d)
859 2334 956 2405 atque
969 2318 1081 2383 Velleii
1099 2321 1206 2384 Pater·

128 2425 191 2490 culi
212 2422 384 2513 (Historiae
399 2423 553 2485 Romanae
570 2421 620 2502 ll,
640 2419 699 2511 56)
730 2420 854 2487 disertis
871 2424 1064 2489 testimoniis
1083 2425 1204 2490 confir·

130 2547 247 2596 matur.

172 2639 220 2701 De
236 2635 425 2725 parentibus
443 2649 553 2698 autem
578 2634 780 2722 omninoque
802 2634 921 2700 familia
942 2637 1011 2716 ejus
1037 2638 1121 2702 nihil
1151 2661 1204 2702 us·

127 2770 225 2835 quam
238 2745 375 2809 relatum
391 2743 519 2831 legitur.
535 2740 627 2805 Adeo
636 2742 669 2804 in
682 2742 837 2806 Nostrum
852 2767 984 2831 quoque
996 2744 1097 2826 cadit,
1111 2744 1201 2833 quod

128 2852 260 2933 dicunt,
284 2851 407 2938 priscos
425 2864 512 2912 vates
532 2848 598 2934 ipsa
619 2847 774 2911 natalium
798 2871 934 2913 suorum
960 2866 1120 2939 ortusque
1142 2854 1201 2919 ob·

126 2959 280 3024 sturitate
289 2955 429 3043 aliquam
439 2952 638 3035 divinitatem
649 2952 825 3020 affectasse.
835 2955 1061 3021 Lucretiorum
1078 2982 1198 3024 nomen

79 3039 84 3049 .
125 3065 160 3128 in
176 3061 329 3127 Romanis
348 3059 570 3123 monumentis
589 3058 842 3123 vetustissimum
860 3082 980 3126 esseae
999 3063 1201 3150 percelebre,

127 3296 278 3346 Bibliotheca
292 3294 367 3342 latina
376 3296 399 3352 l,
410 3310 435 3357 p.
450 3297 483 3353 ‘ti
493 3328 500 3352 ,
512 3303 535 3341 et
545 3292 636 3342 Christ.

128 3378 216 3427 Seuius
238 3377 263 3422 in
283 3373 443 3422 Onomastico
463 3372 552 3419 literar.
566 3374 589 3428 1,
612 3389 637 3436 p.
686 3374 770 3429 metii,
789 3385 860 3421 cuuto
879 3382 959 3420 tamen
972 3374 1092 3437 effugiens
1110 3377 1199 3425 anteri·

128 3453 417 3518 145.Sed1.ambinuset
432 3451 637 3517 Cileniusolym·
685 3453 760 3515 goeni
781 3452 833 3511 mi,
855 3451 982 3510 Lambini,
1006 3469 1129 3514 errorem,
1155 3455 1199 3520 qui

125 3536 193 3602 ptati
210 3533 247 3580 illi
265 3541 434 3596 apposuerunt
456 3546 547 3577 annom
562 3531 594 3578 U.
608 3531 636 3580 C.
685 3545 750 3579 enno
777 3530 814 3578 illi
840 3530 984 3591 adjunxerat
1009 3532 1112 3598 Olymp.
1140 3549 1199 3596 ¹7¹·

126 3616 187 3675 0573
197 3612 368 3674 dixeruntque,
380 3609 517 3657 Lucretium
527 3610 572 3658 Cn.
584 3610 636 3657 Do·
684 3609 761 3657 Etiam
777 3609 829 3656 hec
849 3609 980 3672 exagitavit
999 3611 1099 3675 Buylins
1120 3612 1137 3660 l.
1160 3629 1197 3674 c.‚

124 3695 195 3742 mitio
211 3689 376 3740 Ahenobarbo
389 3700 414 3736 et
430 3690 458 3737 C.
473 3688 557 3736 Cassio
572 3688 637 3735 lou·
685 3687 757 3735 simul
772 3687 827 3747 alis,
839 3688 972 3752 presertim
989 3689 1053 3738 Phil.
1064 3692 1151 3740 errent
1172 3695 1197 3741 iu

124 3775 182 3838 gina
196 3768 339 3823 consulibus
351 3767 430 3815 lucem
444 3766 542 3815 vidisse.
562 3767 636 3830 Quod
684 3765 748 3814 libro
766 3766 795 3814 de
817 3769 896 3830 poetis
914 3767 996 3816 latinis
1015 3785 1042 3834 p.
1058 3787 1088 3834 9,
1104 3771 1197 3822 'delicta

122 3847 304 3911 chronologicis
311 3844 447 3893 retionihus
455 3844 635 3909 repugnando·
685 3857 786 3904 notans,
799 3846 841 3909 qui
856 3857 939 3895 netum
956 3863 1008 3895 esse
1019 3849 1159 3899 Lucretium
1172 3867 1195 3899 ι.

121 3940 191 3979 cente
202 3929 273 3976 etism
286 3927 350 3973 Patr.
361 3922 437 3987 Bayle
447 3956 454 3983 ‚
466 3922 637 3974 Dictioanaire
685 3925 717 3972 U.
730 3923 759 3972 C.
776 3925 841 3987 543,
860 3924 1001 3975 defunctum
1017 3944 1040 3977 ι.
1056 3930 1122 3991 584,
1135 3947 1196 3980 oon·

121 4007 254 4070 lictorique
267 4013 292 4052 et
302 4000 416 4052 critiam.
685 4002 802 4053 tenderat.
