2626 5228
114 316 140 388 6
509 319 800 389 WAKEFIELDI
894 304 911 326 ‘

114 454 265 545 quidem,
284 453 341 519 sed
362 471 470 518 tamen
495 476 653 543 perpense
671 455 870 518 examinatus
886 475 893 516 τ
915 452 1013 518 Codri
1028 477 1186 544 quoque,

115 560 314 651 grammatici
336 560 567 642 bononiensis,
596 561 687 640 cujus
713 559 805 647 copia
829 558 908 622 mihi
934 581 992 648 per
1011 560 1188 626 Bartholo

114 690 226 732 meum
248 666 479 749 Blancbinum,
502 666 607 731 virum
624 665 744 753 eloquii
762 664 989 744 excelsissimi,
1008 665 1097 731 facta
1118 683 1187 733 est:

113 774 431 863 Marulliquepoetae
454 771 612 838 industria
639 775 719 839 mira
746 773 955 863 castigatum,
983 795 1050 837 non
1080 773 1188 839 defuit

111 882 285 969 exemplar,
299 871 428 962 sciero,
445 902 582 947 monaco
598 871 801 960 Placentino,
818 901 919 968 graece
935 878 1103 967 latineque
1117 903 1188 968 per·

112 987 227 1068 docto,
245 986 412 1051 Musarum
428 986 563 1069 athleta,
585 1008 652 1051 nou
672 987 827 1075 gravatim
847 986 1015 1051 offerente.
1038 988 1090 1050 Ex
1113 988 1187 1075 qui·

112 1094 191 1176 bus,
211 1093 304 1157 sicuti
320 1093 451 1173 Zeuxis,
468 1115 507 1157 ex
524 1091 813 1181 quatuordirersis
830 1093 1042 1182 corporibus,
1064 1116 1188 1165 unam,

112 1216 163 1282 et,
191 1216 229 1264 ut
251 1199 408 1281 arbitror,
443 1199 682 1287 integerrimam
715 1199 851 1263 formam
880 1199 1032 1264 Lucretio
1058 1201 1188 1288 praesti·

112 1306 245 1370 omma

157 1395 295 1500 Optimae
316 1410 420 1499 frugis
444 1409 513 1474 haec
532 1425 581 1473 est
598 1408 713 1490 editio,
728 1425 761 1475 et
779 1410 873 1474 nobis
890 1432 948 1501 per
964 1408 1189 1476 fidelissimam

112 1517 311 1607 diligentiam
326 1530 461 1581 tractata
477 1537 562 1580 :nec
575 1513 763 1581 addubitem
777 1531 902 1598 tamen,
920 1513 1060 1579 aliorum
1077 1539 1191 1581 exem·

110 1624 249 1712 plarium
271 1623 463 1688 testimoniis
485 1621 740 1712 devictus,quin
761 1623 838 1689 Pius
857 1623 898 1688 ad
914 1623 1109 1705 arbitrium,
1130 1647 1193 1689 neo

110 1730 284 1795 admonitis
294 1729 489 1812 lectoribus,
504 1747 609 1818 poetae
619 1746 808 1806 contextum
822 1729 1024 1818 plurifariam
1036 1729 1195 1796 immuta·

110 1837 209 1919 verit;
223 1853 272 1919 et,
288 1860 329 1901 an
348 1837 471 1901 levibus
490 1836 530 1901 de
544 1839 646 1903 causis
663 1837 748 1901 hauc
760 1837 955 1902 sententiam
969 1835 1196 1903 inimiciorem

111 1944 340 2033 pronuntiem,
363 1965 463 2032 penes
480 1942 577 2024 alios,
597 1944 742 2032 perlectis
759 1944 912 2008 omnibus
941 1965 978 2007 ac
998 1946 1195 2031 perpensis,

111 2049 153 2112 sit
170 2047 340 2129 judicium.

154 2154 296 2219 Obertus
313 2155 461 2220 Gifanius
476 2156 632 2221 uberibus
644 2157 764 2247 magis,
783 2178 882 2244 quam
897 2170 1047 2220 accurate
1061 2153 1195 2241 doctis,

111 2261 369 2344 commentariis,
383 2260 491 2326 indice
507 2277 615 2351 tamen
627 2263 825 2352 philologico
838 2261 985 2352 perutili,
996 2262 1196 2328 Lucretium
1232 2291 1233 2328 t

112 2366 276 2431 instruxit.
294 2366 497 2456 «Scripturas
517 2385 664 2434 veterum
678 2369 839 2434 librorum
853 2368 926 2457 plus
940 2388 1039 2456 quam
1058 2384 1143 2433 octo
1160 2393 1196 2435 se

113 2473 340 2562 perpendisse»
363 2474 478 2556 jactat,
507 2491 538 2539 et
561 2493 693 2541 nactum
717 2497 787 2540 esse
812 2497 903 2539 «non
928 2495 1045 2563 paucas
1073 2495 1196 2540 emen·

113 2578 280 2659 dationes,
296 2580 463 2668 variasque
476 2582 509 2645 in
529 2598 659 2670 poetam
676 2598 826 2646 nostrum
848 2582 1022 2660 lectiones,
1042 2600 1127 2666 quas
1143 2582 1197 2645 vir

113 2684 319 2750 doctissimus
342 2687 504 2752 Antonius
535 2686 813 2778 Goldinghamus,
842 2687 944 2751 homo
968 2685 1121 2774 Anglus,
1154 2709 1196 2751 ex

110 2790 201 2854 libris
219 2791 342 2856 calamo
359 2794 492 2856 exaratis
510 2793 543 2855 in
561 2794 662 2882 patria
678 2816 737 2857 sua
755 2790 900 2858 studiose
924 2814 961 2856 ac
983 2788 1099 2854 sedulo
1119 2794 1195 2857 col·

111 2897 267 2985 legerat»,
280 2898 483 2972 utiGifanius
500 2899 705 2987 opinabatur.
719 2900 790 2965 Hoc
802 2915 982 2986 utcumque
999 2897 1057 2978 sit,
1071 2896 1194 2964 limato

109 3003 249 3087 judicio,
276 3006 345 3070 sine
372 3029 439 3095 quo
460 3007 578 3071 frustra
600 3009 711 3074 critice
734 3024 912 3087 exercetur,
929 3004 1107 3070 destitutus
1136 3005 1194 3071 illc

112 3111 171 3192 vir,
188 3110 325 3200 diligens
346 3114 490 3200 quamvis
510 3131 543 3179 et
562 3113 724 3196 eruditus,
742 3135 860 3201 parum
879 3110 1032 3192 contulit,
1051 3131 1105 3173 me
1125 3112 1193 3178 sal‘·

114 3233 179 3280 tem
196 3216 321 3299 judice,
334 3241 372 3284 ex
389 3243 457 3309 quo
477 3220 618 3288 Lucretii
632 3234 807 3284 contextus
827 3216 1029 3284 emendatior
1042 3219 1194 3284 evaserit.

159 3323 233 3386 Non
256 3325 335 3389 alius
360 3343 436 3414 post
457 3326 518 3390 hos
539 3347 609 3391 esse
626 3323 755 3389 videtur
770 3324 889 3406 editor,
913 3324 970 3415 qui
996 3338 1194 3388 contextum

115 3427 342 3495 Lucretianum
358 3430 400 3497 ad
413 3431 512 3495 libros
525 3430 661 3520 scriptos
677 3432 833 3521 exegerit,
843 3446 957 3520 praeter
970 3427 1194 3513 Lambinum,

115 3534 307 3600 Creechium
326 3552 524 3619 nostratem,
545 3553 579 3602 et
591 3525 861 3626 Havercampum.

160 3641 209 3704 De
224 3641 374 3708 Lucretio
387 3644 511 3731 primus
524 3643 617 3708 istius
633 3643 855 3708 triumviratus
869 3641 972 3707 doctis
987 3639 1196 3707 animadver-

117 3745 263 3810 sionibus
282 3749 433 3838 praeclare
459 3749 592 3814 meritus
611 3765 674 3832 est3
696 3747 891 3815 Lambinum
914 3747 1009 3814 dicoz
1027 3745 1084 3836 qui
1107 3769 1195 3815 usus

119 3867 185 3932 est,
214 3871 252 3918 ut
269 3854 370 3942 ipsius
395 3856 492 3919 verba
507 3858 686 3945 proferam,
709 3857 764 3922 «in
791 3857 940 3923 Lucretio
965 3854 1194 3939 restituendo,

120 3956 231 4022 Romae
248 3957 381 4046 quidem
397 3960 503 4025 tribua
518 3961 608 4027 libris
626 3962 717 4043 Mss,
732 3985 800 4027 uno
814 3961 982 4043 Vatican03
996 3962 1114 4038 altere,
1130 3967 1194 4051 qui
