2656 4794
127 387 178 461 26
427 390 494 460 DE
515 391 557 459 T.
574 388 791 460 LUCRETll
815 388 924 459 CARI

124 511 220 585 olim,
240 510 410 599 perspicue
421 525 580 575 ustanmr
594 533 605 574 ι
621 533 689 575 non
704 510 764 576 erit
780 508 978 590 serendum,
994 531 1037 578 ne
1048 508 1091 578 sd
1103 532 1191 577 eaus-

124 641 190 682 sam
215 633 358 682 nostram
375 616 531 681 tuendam
547 618 724 706 quicqum
745 619 853 706 potius
875 617 1029 683 sumsisse
1050 631 1191 698 temere,

125 745 224 811 (μαι
246 746 263 786 a
288 738 376 787 certo
395 723 788 812 cognitisexploratisque
810 724 862 787 vie
876 739 910 787 et
931 723 1057 789 ratione
1078 722 1123 786 ad
1139 745 1191 803 es,

126 852 198 917 quae
218 829 393 893 necessaria
412 827 490 894 inde
511 830 768 916 consequutione
785 828 984 909 efficiuntur,
1003 828 1191 916 processisse

126 933 305 1000 videamur.
322 933 542 999 Commodum
553 950 705 1022 preterea
718 933 853 1013 accidit,
869 948 908 998 ut
919 932 1008 999 idem
1023 950 1122 1022 poeta
1137 955 1190 999 um

129 1040 279 1106 dubinre
299 1063 365 1105 non
392 1040 477 1106 sinat
498 1040 540 1106 de
566 1040 667 1122 libro,
691 1041 748 1129 qui
767 1040 902 1106 carmini
925 1040 1003 1106 olim
1020 1038 1122 1105 finem
1139 1063 1190 1127 po

129 1148 242 1214 sumit.
256 1145 399 1230 Quando
413 1147 502 1212 enim
517 1147 590 1212 libri
610 1147 692 1212 sexti
707 1169 803 1213 versu
819 1168 864 1232 9²
880 1168 1032 1234 supreme
1046 1151 1190 1233 praesert-

124 1266 185 1341 pta
200 1254 248 1317 cd
263 1252 402 1317 eandida
417 1252 510 1318 eallr's
528 1275 663 1318 currere
679 1275 713 1318 se
731 1251 888 1334 affirmat,
908 1268 940 1316 et
956 1252 1088 1319 Musam
1103 1252 1190 1330 bujm

130 1359 223 1448 spatii
239 1359 384 1447 exposcit
403 1357 537 1440 ducem3
562 1357 647 1446 quid
660 1357 748 1425 aliud
765 1356 942 1446 siguificat,
964 1381 1063 1446 quam
1082 1357 1189 1424 libruo

132 1480 260 1530 sextam
279 1465 379 1530 totius
398 1464 507 1553 operis
525 1487 547 1529 a
562 1488 596 1530 se
616 1466 848 1554 susceptinesse
863 1464 1047 1554 fastigium,
1067 1479 1101 1530 et
1116 1464 1189 1527 relu

130 1587 305 1636 extremum
323 1571 443 1637 laboris
462 1587 597 1653 metem,
614 1571 654 1638 ed
672 1596 770 1660 quam
788 1587 1000 1661 posteaquam
1016 1571 1187 1637 devenerit

132 1699 186 1758 se,
206 1694 246 1741 ut
261 1676 418 1742 ludorum
435 1679 637 1745 Circensium
654 1680 810 1754 victores,
828 1678 884 1766 qui
904 1679 1044 1766 spartum
1068 1678 1189 1743 felicio

132 1781 416 1865 decucurrissent,
442 1807 597 1850 eoronam
625 1808 754 1851 summa
776 1786 929 1852 omniunt
951 1808 1028 1851 cum
1052 1783 1189 1850 laudes

133 1886 249 1976 plausu
267 1911 338 1953 esse
351 1890 660 1977 consequuturum?

178 1993 236 2058 His
265 1994 393 2082 itaque,
425 2017 497 2081 quie
524 1993 564 2058 de
586 1995 679 2059 initio
701 2017 738 2059 ac
764 1994 828 2058 fine
852 1995 1003 2058 carminis
1023 1994 1189 2057 Lucretian

134 2095 387 2185 disputavimus,
405 2097 575 2188 diligenter
593 2099 778 2187 perpensis,
800 2098 1091 2179 sententialibus,
1108 2121 1188 2185 quar

135 2204 378 2292 impugnamus,
396 2205 577 2271 fautoribus
591 2228 696 2270 unum
709 2205 773 2270 hoc
784 2204 914 2271 videtur
931 2206 1092 2293 relinqui,
1109 2221 1149 2270 ut
1164 2205 1188 2270 ir

136 2308 311 2375 termedios
336 2308 495 2398 quosdam
515 2334 556 2376 ex
572 2312 700 2403 integro
716 2331 816 2400 opere
832 2311 931 2379 libros
949 2312 1109 2377 interiisse
1127 2334 1188 2376 con

134 2414 278 2482 tendant.
293 2414 500 2504 Relinquitur
511 2415 593 2483 illud
604 2416 753 2505 quidem,
771 2415 830 2482 sed
845 2439 913 2484 non
926 2416 1099 2483 evincitur.

180 2611 221 2674 11.
239 2608 324 2674 Nam
340 2633 394 2676 sex
404 2658 414 2692 ‚
426 2611 484 2700 qui
503 2610 599 2675 nobis
612 2627 804 2699 supersunt,
815 2610 957 2675 Lucretii
973 2609 1062 2674 libris
1076 2607 1188 2696 Epicu·

137 2732 204 2780 tota
212 2714 371 2798 doctrina,
382 2740 456 2804 quae
465 2715 597 2804 quidem
610 2716 651 2782 ad
663 2733 784 2782 naturae
794 2733 827 2781 et
836 2716 935 2780 animi
946 2715 1187 2803 explicationem

136 2820 202 2886 sive
227 2820 269 2885 ad
289 2822 421 2910 physica
447 2839 479 2888 et
502 2821 731 2912 psychologica
750 2823 928 2911 pertineat,
951 2822 997 2886 sic
1021 2820 1184 2885 absolvitu

136 2942 175 2991 ut
194 2928 291 2992 etiam
311 2927 352 2993 de
368 2928 576 3017 philosophia
603 2953 733 2994 morum
755 2931 871 3018 passim
893 2927 1034 2993 admixta
1059 2924 1187 3014 quaedar

135 3035 403 3122 reperiantur(r).
428 3037 636 3124 Quamquam
653 3037 685 3100 in
702 3038 763 3101 hac
783 3035 968 3126 explicanda
988 3034 1119 3123 proprie
1141 3055 1187 3098 no

137 3140 326 3204 versabatur
339 3159 443 3228 poetar
455 3142 640 3223 consilium,
655 3141 808 3207 audacter
821 3142 922 3231 magis
934 3163 1031 3228 quam
1043 3137 1159 3203 callide
1168 3139 1187 3204 it

138 3243 353 3324 instituentis,
363 3263 396 3309 ut
409 3270 479 3312 eam
490 3246 704 3337 philosophie
714 3265 855 3336 partem,
866 3271 937 3335 quae
950 3244 1065 3310 callide
1076 3260 1187 3310 tractat

139 3349 297 3415 nitescere
316 3368 445 3440 posset,
462 3376 558 3440 perce
570 3377 607 3418 ac
622 3377 696 3419 raro
707 3355 894 3443 attingeret,
911 3355 943 3418 in
958 3354 1011 3418 illa
1023 3377 1101 3417 vero
1109 3402 1120 3433 ,
1139 3376 1186 3439 qu

138 3455 239 3542 spinis
256 3473 340 3520 esset
351 3456 630 3546 undique‘obsitm
647 3461 873 3549 operosissime
884 3459 1071 3524 elaboraret.
1082 3460 1186 3524 Etenir

175 3647 353 3711 (1)Locretios
367 3651 419 3713 ipse
433 3650 653 3700 clararocereclr·
703 3651 846 3701 cedentibus
870 3651 1003 3709 docuerat,
1030 3661 1053 3698 et
1076 3648 1134 3695 libri
1162 3651 1186 3694 V

141 3733 206 3783 met,
215 3727 260 3789 qui
272 3727 347 3776 inlib.
357 3731 392 3775 tv
402 3729 506 3778 exordio
516 3747 552 3778 vs.
563 3731 654 3793 nli-45,
703 3731 796 3788 ll-lss,
810 3731 867 3778 irem
881 3746 917 3777 res
931 3730 1058 3793 primarias
1069 3729 1096 3775 in
1109 3728 1176 3776 libro

140 3802 248 3852 breviter
258 3807 346 3871 repetit
361 3807 433 3855 trium
449 3810 561 3873 priorum
577 3810 652 3859 libro·
702 3810 826 3874 expositas
838 3810 924 3858 lectori
938 3811 964 3856 in
977 3820 1082 3856 mentem
1095 3825 1184 3855 revoca

141 3897 195 3929 rum
210 3897 366 3948 argumente,
384 3889 523 3952 pariterque
542 3891 569 3938 ln
587 3891 653 3955 prin·
701 3900 729 3938 ut
744 3890 819 3954 igitur
834 3885 974 3954 interpositi
986 3891 1051 3937 inter
1067 3889 1113 3936 bos
1127 3887 1186 3935 sexi

142 3960 209 4024 cipio
229 3963 286 4012 libri
309 3964 343 4024 t,
360 3982 396 4014 rs.
419 3967 513 4025 sti-ee,
533 3984 650 4017 summum
699 3969 758 4018 bre·
776 3981 841 4017 crete
860 3971 1010 4021 coherentes
1029 3969 1071 4020 elil
1091 3969 1185 4019 excidit

71 4042 74 4048 '
141 4055 296 4108 comque!
311 4043 337 4094 in
356 4043 453 4094 duobus
467 4046 653 4113 proximsprte·
700 4051 913 4114 aequuum.
