2626 5228
128 405 174 478 38
420 404 483 472 DE
507 404 547 471 T.
572 403 802 475 LUCRETII·
817 408 926 477 CARI

126 525 329 593 constantius
340 523 541 605 nobilitavit,
554 546 653 611 quam
670 525 817 591 fabulosa
826 527 878 593 illa
889 529 1041 615 audacia,
1053 558 1119 622 qua
1131 560 1178 625 pn

127 637 257 724 longam
284 655 344 721 per
368 631 499 696 Graecia»
522 631 620 697 urbes
642 632 956 721 peregrinationem,
982 638 1015 700 in
1036 638 1178 707 AEtnaes

124 743 250 822 fauces,
262 737 303 803 ad
315 740 433 801 lamam
447 737 623 803 divinitatis
634 736 888 827 adipiscendam,
900 759 995 807 nocte
1008 746 1178 835 intempest

123 846 324 937 precipitem
341 842 468 911 dedisse
482 845 698 932 narratur(t).
716 845 815 911 Hunc
828 864 959 934 poetam
978 849 1152 917 Lucretius
1168 855 1176 915 i

123 954 234 1020 animo
250 968 284 1017 et
294 950 397 1017 oculis
411 951 527 1017 habuit
538 975 547 1033 3
560 952 659 1032 hujus
673 975 805 1017 carmen
818 970 851 1018 et
863 953 1003 1042 plurima
1016 956 1116 1023 laude
1128 983 1178 1023 cor

101 1074 106 1083 “
123 1060 296 1129 celebravit
309 1058 365 1123 lib.
383 1060 412 1139 1,
423 1081 452 1123 v.
469 1059 631 1146 717·734,
650 1076 684 1125 et
696 1058 823 1127 assidua
839 1062 1020 1129 imitatione
1034 1069 1174 1156 expressi

124 1170 208 1252 Qnoe
217 1189 317 1255 quam
329 1167 396 1229 rim
410 1164 564 1229 habuerit
573 1164 729 1247 imitatio,
745 1168 807 1231 etsi
817 1167 870 1233 vix
880 1166 1108 1237 admonendos
1120 1190 1176 1261 put

123 1275 181 1364 qui
201 1270 427 1361 Empedoclen
449 1291 587 1358 poeseos
609 1285 759 1335 naturam
783 1288 816 1335 ct
842 1269 1024 1343 didascalici
1047 1279 1178 1341 carmini

123 1379 289 1445 historiam
309 1400 350 1445 ex
378 1375 508 1446 indiciis
524 1392 671 1443 veterum
691 1394 862 1458 eruerunt,
881 1396 989 1445 tamen
1006 1399 1178 1448 coetcrorur

122 1508 234 1551 caussa
246 1484 339 1570 juvat
354 1481 506 1547 hocloco
522 1483 634 1570 paucis
652 1480 884 1559 demonstrare.

164 1697 329 1762 Nimirum
342 1718 448 1783 quum
461 1695 541 1761 huie
551 1718 687 1785 poeseos
702 1699 815 1785 generi
826 1699 998 1786 prolusum
1018 1718 1118 1782 essct,
1133 1727 1176 1767 no

122 1802 306 1891 exemplum
324 1800 439 1865 datum
456 1824 475 1867 a
492 1794 661 1867 Gnomicis
677 1800 875 1890 omnis(2);
890 1804 1026 1893 legitimi
1045 1810 1178 1873 carmini

14 1954 19 1963 .
122 1908 306 1975 didascalici
328 1909 433 1998 prima
460 1909 638 1995 specimina
659 1909 693 1973 in
716 1910 949 1998 Xenopbania,
976 1912 1178 1981 Parmenidis

122 2013 393 2105 Empedoclisque
410 2021 479 2105 lltpl
494 2020 602 2105 φύσεως.
621 2014 777 2104 operibus
798 2015 979 2087 eluxerunt.
1000 2018 1178 2101 Abjecerur

120 2121 157 2186 id
185 2144 289 2211 genus
318 2119 439 2202 Attici,
463 2120 522 2208 qui
545 2120 648 2185 aversi
670 2143 691 2184 a
714 2119 769 2197 tali
792 2143 928 2208 poeseos
949 2122 1072 2205 abusu,
1096 2149 1178 2213 quur

120 2250 226 2319 prote
247 2225 289 2293 ad
308 2224 530 2293 doctrinarum
553 2226 858 2297 usumexcolendte
875 2228 990 2295 utilius
1011 2230 1178 2297 studerent

120 2337 219 2400 etiam
236 2335 302 2399 hoc
314 2334 484 2422 exemplo,
503 2349 667 2421 quantum
688 2332 794 2421 pulcri
812 2335 924 2401 nativo
941 2334 1178 2427 incorruptoqu

121 2462 217 2506 sensu
238 2456 372 2507 ceteros
397 2462 512 2507 omnes
536 2439 721 2522 vincerem,
745 2440 1002 2507 incidentissintc
1019 2441 1178 2511 declarare

122 2562 211 2612 runt
230 2546 311 2613 idox
327 2543 559 2628 Alexandrini,
580 2544 716 2634 ingenio
740 2568 803 2611 suo
818 2544 964 2627 inritati,
986 2549 1122 2615 mirifice
1140 2553 1178 2617 sil

122 2654 316 2742 placuerunt
333 2652 367 2715 in
384 2651 484 2717 rebus
499 2651 538 2715 iis
552 2650 697 2719 carmine
712 2650 938 2740 exponendis,
956 2676 1030 2742 quae
1048 2677 1067 2719 a
1085 2658 1178 2745 pulcr

124 2758 339 2824 abhorrerent
352 2780 450 2845 quam
462 2756 670 2846 longissime,
686 2756 822 2844 ejusque
833 2757 888 2822 vix
899 2759 1043 2847 aliquam
1058 2762 1178 2829 format

123 2864 334 2931 admitterent
345 2861 405 2952 (3).
428 2863 480 2935 Ab
499 2862 550 2927 his
566 2878 676 2927 autent
693 2864 841 2950 quamvis
857 2863 901 2929 ita
916 2864 1100 2953 perfectum
1117 2891 1178 2935 esst

124 2971 158 3037 id
169 2992 273 3061 genus
290 2990 444 3059 poeseos,
457 2987 495 3034 ut
506 2984 619 3060 postea
630 2968 788 3050 Romani,
800 2984 959 3035 consueta
970 2970 1120 3060 exempla
1134 2974 1178 3037 im

124 3077 193 3157 tati,
202 3076 384 3143 naturalem
393 3074 482 3141 illam
496 3092 529 3140 ct
539 3096 655 3164 parum
664 3096 849 3163 operosam,
860 3098 937 3141 cum
947 3078 1178 3165 exquisitissim

124 3198 232 3249 tamen
256 3182 351 3255 cultu
366 3182 595 3265 conjunctam,
610 3197 813 3261 venuatatem
830 3180 872 3247 ab
895 3182 936 3247 iis
958 3200 1178 3251 muumrcntur

124 3290 285 3378 novisque
306 3289 505 3355 ornamentis
525 3288 615 3354 velut
630 3286 841 3357 domesticam
860 3287 1052 3372 redderent,
1071 3292 1178 3381 sibiqu

124 3394 347 3463 vindicarent:
363 3411 474 3461 tamen
490 3395 663 3467 Lucretius
677 3410 805 3477 noster,
825 3394 934 3465 forsan
952 3395 1050 3461 etiam
1066 3399 1178 3485 aequali

158 3644 199 3711 (r)
214 3646 308 3697 Consta
323 3649 428 3697 omnino
440 3647 474 3696 da
492 3647 543 3696 hoc
559 3658 633 3713 pcata
680 3647 721 3709 μ’·
737 3647 766 3694 ia
780 3645 986 3712 hituplieandis
998 3658 1123 3712 aequatus
1134 3664 1178 3698 aaa

123 3725 263 3775 Fabrim'um
278 3730 307 3775 in
319 3726 438 3777 biblioth.
448 3729 535 3777 Graeca
546 3726 601 3779 vol.
610 3728 634 3787 1,
717 3724 758 3791 (3)
774 3726 868 3777 Tritino
888 3726 939 3777 lma
955 3737 1012 3788 ert,
1030 3744 1107 3795 qnam
1129 3744 1178 3794 qno

122 3796 562 3873 p.805,mm}1rrlesiillpirintro.
682 3803 783 3855 manns
805 3804 955 3867 dechremr,
979 3809 1119 3871 praesertim
1142 3824 1178 3873 po

157 3884 197 3951 (a)
204 3886 325 3935 Praeclare
334 3884 382 3935 hoc
392 3888 487 3936 monuit
494 3884 633 3951 Friddng.
682 3884 776 3951 lleynii
789 3884 986 3935 disremdoncm
1004 3884 1036 3935 de
1057 3888 1132 3950 genio
1153 3903 1178 3936 ιι

123 3963 231 4014 Wolflm
245 3967 272 4015 in
289 3966 474 4030 Prolegomenia
489 3967 592 4015 Homeri
605 3982 632 4033 p.
682 3962 1005 4030 &Ptolemaeorumque
1017 3966 1083 4014 inest
1093 3966 1178 4033 inopi

122 4058 242 4106 cnvrrt,
256 4057 312 4097 not.
323 4048 375 4111 95,
393 4046 466 4110 amu
484 4046 534 4095 tiri
556 4046 633 4097 reat·
680 4042 880 4095 unsrun.
892 4043 983 4094 roll.
