2626 5228
53 900 1134 936 κκκοοοοκκοοώκοοκκκκκκωοοοιοοοοοκοωοοκκκκκκκκκκ

130 1197 298 1306 Now
329 1198 653 1305 Eolooffls
685 1167 1058 1302 PRAEFATIO.
1143 1169 1157 1197 ⁸

62 1904 225 2059 Quom,
245 1939 388 2043 viginti
405 1938 553 2017 abhinc
572 1942 706 2036 annis,
727 1940 789 2017 vir
810 1966 1016 2049 nunquam
1034 1940 1130 2018 satis

61 2081 160 2158 mihi
192 2082 262 2188 pio
288 2080 398 2160 luctu
421 2097 461 2159 et
489 2082 656 2160 memori
684 2109 819 2161 amore
846 2081 1136 2162 desiderandus

60 2221 353 2301 Blomoonssciii
380 2223 903 2321 ciiss1ciMLiT1Nii1,·sive
932 2222 1137 2302 Colleetio-

60 2391 150 2441 nem
176 2379 384 2441 auctorum
409 2363 667 2442 classicorum
689 2364 924 2459 latinorum,
947 2364 1137 2444 omnibus

58 2504 248 2584 indefessi
276 2504 397 2584 animi
425 2504 580 2584 viribus
607 2522 646 2584 ot
664 2507 790 2614 ipsius
813 2508 903 2586 vitae
929 2505 1136 2615 impendio

62 2646 298 2753 exigendam
313 2648 551 2755 susciperet,
568 2676 652 2727 non
666 2649 917 2729 commiserat
931 2648 1135 2759 profect0‚

60 2804 105 2867 ut
124 2789 230 2867 inter
242 2789 438 2896 primores
455 2787 601 2895 linguae
616 2818 792 2869 romanae
807 2792 1021 2899 scriptores
1035 2790 1138 2870 obli-

62 2928 282 3007 visceretur
307 2928 548 3007 Lucretium.
581 2927 659 3008 Sed
692 2927 915 3010 decretoria
946 2947 1042 3009 tunc
1070 2959 1136 3009 su·

60 3097 208 3178 premae
228 3071 438 3178 potestatis
457 3070 642 3150 voluntas
665 3069 898 3151 damnatum
919 3072 1136 3179 impietatis

61 3228 223 3317 poetam
256 3212 397 3291 exilio
422 3241 658 3318 magnorum
687 3214 941 3320 ingeniorum
966 3214 1136 3292 concilio
1198 3322 1201 3327 Ι

64 3347 241 3454 ablegari
263 3351 443 3457 jubebat.
479 3353 562 3431 Neo
591 3353 811 3460 quidquam
842 3352 996 3461 profuit
1023 3370 1136 3434 vetus
1230 3365 1232 3369 ’

62 3491 129 3569 illa
145 3491 230 3569 laus
249 3506 288 3569 et
307 3491 411 3570 fama
425 3492 545 3593 vatis,
562 3520 681 3601 quem
698 3510 865 3601 patruus
882 3522 1007 3594 meus,
1023 3495 1138 3575 recla-
1214 3536 1220 3549 ·

49 3648 197 3712 monte
216 3660 295 3742 una
316 3632 585 3712 litteratorum
609 3635 789 3713 omnium
805 3633 981 3744 judicio,
1001 3636 1138 3717 defen-

62 3774 183 3861 debat
203 3792 242 3854 et
264 3773 437 3854 facundo
459 3777 515 3855 sic
533 3778 747 3857 excusabat
764 3780 984 3858 carmine*:

161 4025 214 4084 lile
226 4038 335 4097 autem,
351 4027 491 4086 scelerum
506 4026 594 4106 pleno
605 4028 656 4106 qui
671 4039 755 4086 natus
768 4028 798 4086 in
814 4047 894 4101 aevo,

162 4141 343 4218 Sanguineos
357 4141 433 4200 inter
446 4140 533 4201 Marii
547 4140 689 4219 Syllaeque
704 4142 834 4215 furores,

102 4437 115 4463 '
132 4438 207 4497 vide
229 4438 259 4496 in
275 4437 457 4499 Bibliotheca
478 4440 596 4499 classica
619 4439 707 4498 latina
732 4438 892 4525 Epistolam
914 4438 1136 4515 dedicatoriam,

62 4548 159 4626 primo
173 4546 292 4611 Caesaris
305 4546 447 4609 volumini
463 4548 621 4627 praefixam.
