2626 5228
146 362 193 449 aa
285 359 289 367 ·
439 360 502 429 on
525 360 565 428 r.
591 361 810 433 Lucanus
835 366 943 435 caer

144 510 213 556 non
231 483 352 551 civitati
368 482 474 547 solum
492 482 664 562 Romanae,
683 478 741 544 sed
754 481 858 544 literis
875 510 1009 576 qu0qu0
1024 491 1146 556 Latinis
1160 516 1208 558 na.

145 608 234 668 vata,
251 587 446 679 praedicandi
458 587 649 672 civibusque
658 584 928 683 commendandi,
942 595 1015 675 quis
1027 613 1100 654 eum
1113 599 1208 664 credas

143 699 178 761 in
198 697 331 785 epistola
349 693 390 758 ad
412 693 574 776 Quintum
593 691 744 773 fratrem,
769 691 825 754 ubi
847 692 946 773 hujus
965 692 1006 758 de
1027 697 1208 770 Lucretiam

144 799 287 864 carmine
312 797 505 860 sententiam
524 793 649 856 calculo
671 814 731 854 suo
754 793 935 880 approbat,
961 817 1052 858 suam
1074 799 1159 863 illius
1183 803 1209 864 li

143 903 255 970 mandi
267 901 467 991 diligentiam
478 899 627 963 modesto
644 898 772 962 silentio
784 898 1024 964 occultaturum
1040 905 1165 969 luisse?
1178 911 1209 971 Α(

144 1008 170 1072 si
183 1007 268 1070 hanc
281 1003 479 1094 diligentiam
491 1001 594 1065 serius
603 998 784 1090 impendit,
800 1000 898 1065 laudo
910 1004 1063 1091 equidem
1075 1009 1209 1073 studiun

142 1113 237 1212 annis
253 1111 414 1201 provecti,
438 1109 551 1183 miror,
574 1108 601 1172 si
623 1107 753 1194 cupias,
769 1104 915 1170 studium
935 1111 1036 1193 senis;
1061 1114 1119 1177 sed
1136 1116 1209 1180 iden

142 1241 271 1308 quaero,
289 1240 348 1280 cur
368 1216 491 1303 reliqua
509 1211 578 1292 ejus
594 1212 713 1300 scripta
734 1211 820 1274 hanc
841 1234 910 1276 rem
929 1228 1071 1298 taceant,
1094 1243 1155 1283 cur
1174 1239 1209 1286 ta·

143 1339 238 1390 ceant
253 1321 402 1410 aequales.
417 1317 594 1399 Mittoalia
605 1365 614 1397 ,
625 1315 667 1380 ad
683 1315 839 1381 orationis
856 1318 1000 1382 colorem
1016 1324 1206 1408 pertinentia

142 1452 214 1518 quae
232 1426 370 1507 eruditi,
392 1425 489 1489 etiam
507 1446 576 1487 non
595 1421 727 1504 moniti,
744 1437 862 1510 sponte
881 1422 1078 1512 intelligunt.
1099 1429 1209 1495 Verun

141 1535 203 1600 etsi
219 1535 251 1597 in
270 1532 326 1596 illo
342 1529 476 1595 Eusebii
494 1527 682 1593 testimonio
701 1527 768 1616 ipsa
787 1549 855 1590 uon
871 1526 950 1591 insit
963 1532 1096 1615 veritas,
1113 1553 1210 1601 tamer

142 1644 249 1707 inesse
264 1639 405 1702 arbitror
415 1636 486 1725 vagi
501 1635 640 1699 rumoris
651 1633 803 1723 vestigia,
819 1632 968 1723 clareque
982 1637 1136 1729 intelligi,
1152 1668 1210 1707 ren

141 1748 267 1814 anobis
282 1760 469 1811 renovatam
484 1741 661 1809 doctissimi
673 1740 794 1822 Patris,
809 1758 896 1804 certe
906 1741 1098 1832 Hieronymi
1113 1768 1210 1815 aetate

144 1857 202 1945 qui
224 1853 326 1917 multa
351 1851 420 1932 ejus
445 1848 570 1939 generis
595 1870 634 1912 ex
656 1847 803 1912 Suetonii
822 1847 906 1912 libro
925 1846 967 1912 de
984 1849 1092 1914 Poetis
1112 1854 1210 1940 duxit,

142 1960 292 2026 nondum
312 1959 408 2047 plane
424 1956 629 2022 obscuratam
646 1955 755 2018 fuisse.
776 1953 841 2019 Sed
853 1955 920 2034 jam
942 1955 1017 2021 satis
1032 1955 1073 2021 de
1089 1958 1160 2040 his,
1183 1990 1210 2030 a(

142 2069 277 2131 fortasse
292 2064 366 2152 plus
383 2063 509 2126 nimio:
526 2058 566 2124 ad
581 2059 705 2149 reliqua
721 2060 831 2148 paullo
853 2061 992 2125 certiora
1007 2063 1187 2131 veniamus.

189 2171 280 2256 Quid
298 2168 406 2235 enim?
429 2190 541 2233 nonne
567 2166 642 2230 satis
667 2181 754 2230 certa
775 2165 943 2245 judicandi
961 2170 1071 2258 regula
1094 2173 1154 2236 niti
1175 2176 1211 2237 vi·

144 2279 277 2361 deatur,
304 2276 481 2367 quicquid,
505 2273 650 2339 adhibita
673 2271 786 2353 judicii
815 2275 1004 2360 severitate,
1028 2276 1068 2341 de
1086 2280 1211 2368 ingenit

143 2384 286 2451 Lucretii
302 2400 483 2470 naturaque
495 2397 528 2444 et
545 2379 723 2444 virtutibus
738 2377 807 2458 ejus
821 2381 992 2463 carminis,
1008 2401 1084 2447 ante
1106 2388 1211 2451 oculos

144 2491 295 2556 omnium
310 2486 465 2576 expositi,
478 2483 626 2550 dicatur?
641 2484 766 2549 'famen
782 2484 942 2573 cupiditas
960 2486 1126 2554 editorum
1144 2494 1211 2556 effe·

142 2597 206 2670 cit,
221 2611 259 2660 ut
275 2593 371 2658 etiam
390 2592 459 2655 haec
478 2588 520 2654 ad
539 2587 637 2652 dubia
657 2589 845 2677 incertaque
864 2610 1104 2660 revocarentur.
1129 2598 1211 2663 Ades

143 2703 231 2768 enim
249 2699 295 2764 illi
312 2699 345 2763 in
363 2695 612 2762 admirationem
634 2695 784 2759 carminis
802 2697 927 2787 abrepti
947 2715 1044 2779 sunt,
1066 2717 1133 2765 tam
1152 2727 1212 2768 am·

143 2809 205 2898 plis
221 2807 327 2872 verbis
348 2820 505 2891 tantoque
522 2818 687 2866 concentu
704 2801 746 2866 ad
765 2805 955 2870 Lucretium
972 2827 1070 2884 suum
1088 2813 1212 2896 poetica

143 2915 261 2980 laureae
283 2934 449 2978 summum
465 2908 565 2973 decus
580 2906 781 2992 detulerunt,
801 2925 838 2974 ut
852 2910 998 2976 studium
1015 2911 1148 2980 illorum
1166 2941 1212 3007 ap

143 3038 271 3111 pareat,
285 3019 399 3101 judicii
418 3017 579 3083 subtilitas
595 3015 732 3081 minime
750 3034 912 3105 appareat.
932 3018 1015 3084 Nam
1029 3021 1123 3109 quod
1139 3047 1212 3111 prae·

145 3125 286 3193 dicando
321 3141 426 3215 poetae
451 3123 605 3213 ingenio,
639 3122 823 3188 extollenda
850 3127 1006 3192 carminis
1036 3126 1212 3207 majestate

144 3247 331 3313 venustate,
366 3227 450 3294 adde
476 3229 574 3293 etiarn
602 3229 785 3318 argumenti
811 3229 992 3318 probitate,
1029 3233 1212 3302 celebrandi

37 3374 40 3380 -
145 3336 306 3402 munditie
322 3352 355 3400 et
369 3334 554 3425 inimitabili
566 3333 721 3423 elegantia
735 3335 890 3400 orationis
904 3360 942 3401 ac
957 3344 1213 3425 versuum,ult1a

107 3468 114 3483 ·
145 3445 303 3510 terminos
321 3443 459 3532 evagati,
479 3441 666 3506 Lucretium
680 3441 833 3506 omnibus
850 3443 953 3532 poetis
971 3445 1108 3530 Latinis,
1122 3467 1214 3537 quot.

145 3567 228 3640 quot
240 3566 272 3614 et
281 3573 402 3640 suppar
416 3565 449 3613 et
463 3549 623 3637 posterior
635 3565 709 3613 aetas
723 3550 930 3637 protulisset,
943 3551 1041 3641 longe
1057 3553 1213 3645 longeque

142 3673 414 3747 anteposuerunt3
434 3673 584 3746 apertum
608 3673 675 3738 est,
693 3679 748 3721 eos
770 3656 904 3723 virtutes
928 3659 1080 3725 carminis
1102 3685 1213 3751 parum

142 3763 338 3852 ponderasse
363 3763 538 3837 subtiliter,
564 3759 795 3852 laudandoque
813 3787 880 3829 non
896 3766 1005 3830 solum
1024 3766 1057 3829 in
1079 3766 1214 3834 difficul-

142 3883 224 3935 tates
236 3869 356 3936 multas
367 3873 439 3960 plus
450 3867 551 3935 semel
561 3891 596 3934 se
606 3868 767 3952 induisse,
783 3868 841 3936 sed
858 3895 900 3936 ne
913 3872 949 3937 id
962 3871 1114 3960 quidem,
1128 3875 1214 3965 quod

140 3977 176 4042 in
194 3977 303 4044 medio
319 3978 464 4068 positum
480 3992 567 4060 erat,
579 3976 654 4044 satis
668 3978 859 4055 obtinuisse.
880 3980 1014 4048 Rectius
1027 3983 1075 4048 illi
1090 4000 1124 4049 et
1139 4006 1214 4074 pru·
