2656 4794
209 392 254 462 30
398 351 400 357 ’
501 388 867 461 masuerum
892 389 999 460 cam

250 514 396 578 (ΓΜ
414 512 484 575 haec
503 511 575 575 lom
596 526 627 574 et
639 527 794 600 urgeant,
811 514 890 602 φὴ·
909 533 1011 600 quum
1027 511 1199 575 Mortuus
1217 511 1278 575 ali·

206 635 289 709 quot
310 619 386 683 inde
400 617 545 682 versibus
561 615 714 698 ditescat,
742 640 817 682 eum
836 619 969 683 coedeoe
991 617 1107 682 malint
1120 616 1278 706 compl}

204 728 295 792 ribus
309 727 400 790 libris
414 725 494 809 olim
508 725 662 789 ditiorem
677 726 787 790 fuisse.
808 731 850 791 At
865 728 922 815 qui
943 726 1138 791 severiorem
1156 727 1277 792 critice

206 835 365 898 rationem
380 833 472 920 sequi
486 848 611 908 amant,
628 854 683 895 eos
697 848 829 915 caewra,
849 856 922 920 quse
936 855 1034 921 supra
1049 833 1164 920 posui,
1179 856 1277 923 argu·

206 956 314 1004 menta
338 963 358 1003 a
381 939 437 1002 tali
462 936 656 1019 conjiciendi
677 940 859 1004 temeritate
885 938 978 1004 facilc
1004 939 1212 1022 abstrahant,
1237 937 1274 1003 ad

206 1067 343 1133 estoque
364 1042 523 1107 reducent
538 1041 654 1128 judici
669 1044 1011 1133 circumspectionem,
1036 1059 1075 1108 ut
1091 1044 1274 1108 {mattiaci

205 1151 313 1239 operis
336 1173 403 1214 non
420 1151 568 1239 integros
585 1148 707 1231 libros,
730 1149 789 1214 sed
812 1173 924 1215 scmus
943 1149 1121 1215 nonnullos
1141 1151 1273 1215 insaci-

202 1256 291 1321 alisse
304 1251 499 1322 existiment
525 1256 594 1320 Nea
611 1256 711 1332 mihi,
729 1258 842 1339 fateor,
869 1258 938 1321 hac
952 1257 1067 1346 spurio
1083 1257 1157 1320 ullo
1178 1274 1273 1344 pacto

205 1361 385 1427 deserenda
407 1361 587 1439 videretur,
611 1363 673 1426 nisi
694 1363 872 1428 lectitando
888 1363 1029 1428 Lucretii
1049 1362 1198 1427 car-iae
1214 1360 1273 1424 alis

206 1485 346 1534 montem
362 1469 512 1532 subiisset
522 1469 681 1556 suspicio,
692 1469 814 1534 lubn'ca
823 1470 875 1533 illa
887 1469 1030 1534 fortassis
1044 1491 1106 1533 nec
1121 1466 1272 1532 moestis

200 1591 237 1638 ct
253 1574 403 1664 gravibus
418 1574 617 1663 argumentis
636 1574 836 1656 roboranda,
859 1573 916 1638 sad
933 1597 1006 1662 quoe
1018 1573 1163 1638 breviter
1178 1588 1214 1637 ct
1226 1594 1272 1635 vc

206 1681 349 1747 moumle
360 1681 504 1771 prolata,
517 1681 558 1744 asl
568 1680 713 1746 studium
726 1683 862 1746 ulterius
877 1680 1044 1770 querendi
1056 1679 1270 1769 intelligentes

203 1805 238 1853 ct
250 1811 369 1878 'gnaros
385 1787 612 1852 reconditioris
626 1787 781 1852 doctrinas
793 1789 931 1854 lectores
943 1803 1158 1852 commoveat
1179 1787 1273 1850 Ceste

200 1895 386 1984 intelligent
395 1895 453 1976 illi,
467 1917 535 1982 q-uo
552 1894 689 1979 corasilio
703 1895 810 1959 onmis
827 1895 888 1958 <ista
906 1892 947 1958 de
963 1917 998 1958 re
1014 1915 1081 1957 uon
1096 1892 1193 1956 nimis
1204 1891 1273 1954 alas

204 2000 338 2066 condita
362 2001 538 2091 disputatio
562 2025 580 2065 a
608 2002 703 2066 nobis
733 2002 909 2067 instaurata
929 2001 988 2084 sit,
1006 1999 1273 2089 exputabuutqua

203 2110 346 2191 facilius,
369 2131 437 2196 quo
455 2109 686 2173 Commentarii
705 2109 828 2173 monita
851 2110 952 2173 multa
968 2108 1116 2173 tondant.

250 2216 385 2279 Memini
398 2214 567 2303 equidem,
583 2238 686 2302 quum
698 2215 805 2302 primo
815 2215 958 2278 Lucretii
969 2237 1100 2278 cannen
1116 2212 1278 2277 curiosius

203 2336 394 2403 tractarem,
414 2343 466 2384 me
482 2319 634 2384 demirari
651 2318 816 2383 interdum
831 2319 1081 2407 inaequalitatem
1102 2316 1280 2407 quamdam

206 2440 239 2489 ct
256 2425 504 2513 discrepantiam
520 2425 698 2506 orationis,
715 2448 788 2512 quac
806 2447 895 2488 nunc
911 2425 1168 2489 remstissimum
1185 2423 1285 2486 colo·

208 2554 278 2595 rem
293 2531 425 2619 spirare,
437 2554 498 2595 nec
512 2531 573 2594 nisi
585 2553 676 2594 casca
689 2547 722 2595 et
733 2531 899 2619 antiquata
914 2531 1016 2620 loqui,
1032 2553 1122 2594 nunc
1138 2528 1184 2594 ad
1201 2528 1289 2618 poli·

209 2636 301 2701 tioris
317 2638 417 2701 aetatis
434 2637 623 2726 elegantiam
643 2637 686 2700 ita
702 2654 879 2726 temperata
895 2660 962 2701 esse
981 2654 1012 2700 et
1030 2637 1174 2725 mitigata
1187 2635 1292 2700 vidc-

208 2742 316 2820 batur‚
332 2760 371 2807 ut
386 2744 521 2807 minime
537 2765 760 2809 succentorem
770 2744 924 2833 Virgilio,
939 2744 994 2832 qui
1011 2765 1079 2808 non
1092 2741 1293 2808 dimidiatos

204 2849 265 2915 scd
277 2873 367 2939 paenc
377 2851 527 2940 'integros
536 2873 649 2914 versus
665 2851 699 2915 in
712 2849 779 2915 duo
793 2852 967 2916 cultissima
980 2875 1079 2942 opera
1089 2850 1166 2915 inde
1177 2867 1297 2915 trans-

207 2955 651 3045 tulisset(1).l³erspiciebam‚
660 2956 758 3038 hujus
770 2957 993 3045 inaequalitatis
1004 2957 1144 3046 aliquam
1154 2972 1293 3044 partem

207 3062 307 3126 tribui
326 3084 421 3150 posse
438 3062 521 3126 oetati
536 3079 660 3150 poetic,
677 3064 729 3126 cui
746 3063 890 3148 Ennium
907 3063 1046 3126 imitanti
1066 3061 1100 3126 id
1116 3062 1294 3142 licuisset,

209 3167 300 3257 quod
317 3169 384 3232 suis
399 3169 500 3256 ipsius
518 3170 734 3233 imitatoribus
746 3171 813 3255 jam
832 3193 899 3233 non
917 3169 1055 3258 amplius
1073 3169 1204 3250 licerct3
1223 3191 1298 3231 ne-

205 3297 273 3363 que
290 3276 423 3364 ignarus
440 3299 527 3339 eram
546 3277 700 3359 fortasse,
716 3276 795 3364 quid
812 3275 1032 3364 discrepantia
1047 3274 1187 3364 singulis
1200 3274 1295 3338 locis

203 3382 392 3471 'argumenti
414 3383 549 3446 varietas
574 3383 728 3471 afferret(
749 3382 772 3470 ).
800 3383 962 3447 Neutrum
984 3398 1091 3446 tamen
1115 3381 1156 3445 ad
1179 3402 1290 3468 cxpe-

209 3487 364 3552 diendum
382 3488 433 3568 id,
448 3488 537 3576 quod
549 3505 691 3553 mentem
704 3488 783 3552 mihi
795 3489 911 3577 saepius
925 3502 1071 3578 tangeret
1082 3488 1115 3551 in
1129 3485 1293 3577 legendo,

209 3594 397 3659 sufficiebat.
415 3595 453 3660 ld
469 3596 563 3683 quale
576 3595 630 3678 sit,
644 3596 741 3684 periti
755 3595 847 3660 facilc
860 3596 1017 3677 sentient;
1034 3594 1192 3682 imperitis
1205 3594 1289 3658 uni-

245 3808 282 3874 (s)
301 3807 407 3857 toul.
422 3809 497 3857 Noct.
509 3808 586 3856 Attic.
598 3808 624 3866 1,
639 3823 681 3856 aa.
765 3808 815 3870 nii,
827 3809 923 3856 Merisn
936 3845 944 3871 ,
958 3810 985 3858 in
995 3809 1060 3857 libro
1076 3812 1132 3856 Van
1146 3808 1203 3857 dom
1215 3809 1284 3858 stis-

245 3886 284 3952 (a)
308 3887 388 3935 Sensit
404 3887 443 3945 id,
469 3886 538 3951 quod
553 3888 652 3945 monui,
674 3886 717 3934 scd
757 3888 838 3953 flasse
861 3888 907 3935 der
938 3885 1143 3952 Winensclaaftsa
1168 3887 1223 3952 aas
1239 3888 1287 3936 die

210 3982 318 4015 caussam
339 3966 374 4014 rai
395 3967 425 4014 ab
445 3966 582 4029 argumenti
601 3967 717 4015 varietate
767 3966 914 4015 Dicltknnst
936 3969 975 4027 11,
1009 3985 1035 4033 p.
1063 3970 1133 4027 312,
1155 3967 1284 4017 versionis

210 4045 282 4094 unios
296 4046 394 4111 repetiit
411 4044 584 4110 elegantissimi
599 4044 636 4093 vir
649 4047 716 4109 inge·
765 4046 890 4096 Bsmoull.
