2626 5228
75 21 1297 398 u

423 498 428 506 ι

1193 551 1199 561 ι

438 887 546 958 vrrs
572 889 629 958 ss
651 878 872 958 cluntre
1141 907 1187 980 27

115 1014 403 1100 scommaticum
418 1012 453 1077 id
464 1013 735 1101 maximeageret,
745 1027 784 1074 ut
792 1009 985 1075 Memmium
995 1009 1190 1090 sunm,ncsi

116 1121 271 1186 carminis
282 1119 447 1184 lenocinio
455 1135 596 1207 captum,
605 1117 646 1181 ad
655 1117 787 1205 Epicuri
801 1113 1058 1207 amplectendam
1070 1130 1191 1177 sectam

116 1228 242 1292 facilius
262 1225 540 1316 pmmtrteret(s);
564 1238 699 1290 conatus
717 1239 767 1291 est
781 1220 967 1303 ostendere,
989 1220 1191 1286 sedationem

116 1335 236 1416 animi,
252 1333 467 1398 constantiam
484 1349 516 1397 et
531 1330 894 1418 moderationemque
910 1330 988 1393 solae
998 1330 1136 1393 virtutes
1146 1326 1194 1389 ri·

117 1450 186 1498 tam
202 1435 376 1499 hominum
393 1435 508 1516 beent,
526 1455 593 1498 non
610 1433 670 1496 nisi
688 1432 901 1497 sectatoribus
914 1431 1046 1519 Epicuri
1062 1427 1195 1493 contin-

118 1562 214 1630 gere,
228 1540 452 1628 sapientissimi
469 1539 590 1604 scilicet
602 1538 688 1603 illius
699 1537 950 1625 benebeateqae
961 1534 1091 1599 vivendi
1100 1532 1195 1597 velut

118 1645 296 1709 architecti.
314 1645 480 1727 Quoniam
496 1664 578 1708 vero
592 1640 721 1707 duabus
736 1642 942 1731 potissimum
958 1641 1058 1707 rebus
1072 1638 1190 1705 sollici·

120 1751 183 1815 tari
206 1750 308 1814 vitam
327 1749 581 1837 conturbarique
598 1749 751 1837 putabat,
775 1749 921 1836 primurn
937 1747 1110 1836 religione,
1126 1744 1192 1807 hoc

121 1871 187 1933 est,
206 1872 295 1920 metu
310 1854 447 1920 deorum
463 1856 568 1937 inani,
581 1869 652 1919 tum
666 1855 781 1919 mortis
792 1853 965 1918 formidine
978 1876 988 1917 t
1002 1853 1052 1916 his
1063 1849 1194 1915 duabus

121 1963 308 2026 animorum
325 1961 471 2050 pestibus
486 1961 585 2026 eximi
602 1982 658 2026 eos
675 1960 875 2026 demonstrat
892 1960 1058 2048 Epicureae
1070 1957 1193 2021 docui-

122 2092 175 2134 nae
188 2069 347 2135 beneficio
355 2092 456 2158 ,quae
467 2070 575 2159 primo
590 2069 716 2133 nullam
728 2090 800 2133 esse
812 2090 923 2133 rerum
935 2065 1192 2156 providentiam
1240 2052 1242 2059 ¹

122 2174 242 2240 deinde
250 2176 336 2240 banc
347 2177 493 2239 omnium
503 2197 614 2239 rerum
625 2197 817 2265 compagem
826 2191 859 2239 et
871 2174 1113 2238 universitatem
1122 2192 1193 2234 non

125 2295 234 2345 mente
250 2252 454 2369 numineqirc
474 2280 587 2346 divino
606 2283 741 2358 factam,
769 2281 826 2345 sed
849 2297 1036 2345 atomorum
1058 2267 1194 2342 fortuita

125 2388 343 2452 concursione
367 2403 573 2469 concretam,
599 2403 632 2451 et
660 2386 802 2451 mundos
829 2408 901 2451 esse
924 2381 1195 2463 innumerabiles,

125 2492 240 2559 eodem
254 2493 354 2558 modo
365 2509 475 2576 natos,
486 2516 609 2582 eosque
621 2517 734 2559 omnes
748 2515 817 2559 esse
828 2493 999 2558 interitum
1011 2491 1197 2580 babituros3

126 2597 270 2686 denique
292 2597 421 2662 nullum
440 2620 572 2662 sensum
596 2615 670 2687 post
685 2599 785 2662 vitam
804 2619 987 2678 remanere,
1007 2596 1199 2681 animosque

125 2704 246 2791 pariter
260 2725 328 2767 esse
341 2703 512 2786 mortales,
538 2704 648 2769 multis
664 2703 844 2792 validisque
859 2703 1059 2793 argumentis
1075 2699 1198 2765 doceat.

126 2806 193 2890 Qui
209 2831 333 2875 errores
341 2805 402 2898 (a),
414 2807 539 2900 indigni
551 2833 627 2875 sane
640 2810 685 2874 illi
702 2809 877 2875 hominum
887 2809 1019 2899 ingenio
1038 2824 1072 2873 et
1087 2805 1198 2872 altitu·

127 2912 226 2997 dine,
242 2937 284 2978 ne
297 2914 451 3004 explicari
464 2915 597 3004 quidem
614 2917 824 3007 prolubiliter
834 2932 867 2980 et
880 2913 1009 2979 infundi
1025 2915 1057 2977 in
1076 2929 1203 2978 ruentes

127 3019 336 3084 incautorum
363 3035 530 3110 poterant,
555 3023 617 3086 nisi
640 3044 749 3086 rernm
770 3020 972 3086 occultarum
995 3019 1201 3110 ignoratione

128 3124 274 3209 sublata,
302 3128 514 3216 expositaque
538 3145 609 3193 turn
633 3153 745 3194 rerum
768 3145 903 3211 natura,
917 3145 990 3194 tum
1015 3127 1202 3191 animorum
1279 3183 1283 3189 ,

127 3225 251 3293 indole,
275 3231 484 3321 Quapropter
501 3235 647 3323 magistri
666 3235 717 3298 sui
736 3234 886 3322 exemplo
903 3234 936 3297 in
955 3232 1100 3322 physicis
1114 3230 1204 3295 dilu-

130 3331 277 3396 cidandis
291 3334 464 3422 plurimam
482 3358 615 3424 operam
633 3339 743 3425 posuit
760 3338 940 3402 Lucretius.
958 3336 1061 3416 Nam,
1075 3350 1114 3399 ut
1128 3347 1202 3422 apte

130 3440 245 3506 Cicero
268 3441 333 3530 (De
349 3438 470 3508 finibus
482 3442 563 3509 bon.
579 3459 610 3508 et
626 3443 701 3508 mal.
712 3443 770 3510 lib.
784 3445 817 3528 1,
831 3467 858 3509 c
877 3443 930 3531 19)
945 3441 1204 3511 accommodate-

129 3568 195 3635 que
213 3545 256 3610 ad
272 3547 407 3635 Epicuri
425 3549 617 3614 smitmtiam
642 3550 785 3639 scripsit,
808 3552 962 3639 «cognita
985 3549 1131 3614 omniurn
1148 3571 1204 3612 re-

129 3674 203 3716 rum
216 3669 348 3734 natura,
364 3654 510 3719 letamur
519 3658 764 3746 superstitione,
780 3657 957 3722 liberamur
967 3657 1081 3722 mortis
1093 3671 1201 3736 metu,

129 3781 196 3823 non
217 3760 452 3827 conturbamur
466 3764 671 3853 ignoratione
687 3787 817 3847 rerum,
834 3789 852 3829 e
869 3788 934 3855 qua
949 3765 1017 3854 ipsa
1032 3763 1204 3828 horribiles

131 3865 290 3930 exsistunt
308 3890 393 3957 saepe
416 3868 627 3951 formidines,
652 3871 795 3964 denique
817 3872 913 3937 etiam
931 3871 1046 3935 morati
1061 3871 1202 3949 erimus,

132 3990 234 4058 quum
262 3970 490 4058 didicerimus,
517 3998 590 4064 quae
612 3993 727 4041 natura
752 3975 920 4043 desideret.
948 3977 1035 4041 Tum
1060 3998 1153 4058 vero,
1176 3973 1204 4037 si

134 4075 281 4142 stabilem
296 4078 462 4145 scientiam
472 4104 581 4147 rerum
594 4082 795 4164 tenebimus,
806 4101 930 4148 servata
943 4082 1014 4165 illa,
1028 4104 1102 4170 quoe
1112 4082 1206 4168 quasi

133 4180 262 4271 delapsa
285 4183 327 4248 de
349 4187 431 4250 eaelo
455 4186 564 4252 estad
588 4189 809 4279 cognitionem
836 4192 1001 4271 omniurn,
1021 4186 1147 4275 regida,
1165 4180 1206 4246 ad

134 4308 231 4376 quarn
254 4292 363 4355 omnia
375 4291 499 4378 judicia
508 4316 617 4358 rerum
633 4295 824 4385 dirigantur,
841 4318 1011 4384 nunqnam
1022 4293 1119 4358 ullius
1133 4288 1206 4352 vieti

171 4445 212 4512 (¹)
232 4452 290 4498 ΗΜ
302 4451 432 4500 milium
445 4453 526 4502 Poste
538 4454 647 4505 smaltis
731 4453 771 4520 (a)
784 4455 833 4503 Eos
853 4467 882 4504 nt
900 4454 1042 4519 singillatim
1057 4453 1206 4529 refutemus,

135 4523 197 4573 ¹⁰⁶ss
206 4537 284 4591 P!m
292 4546 317 4578 ¹¹¹
327 4531 443 4596 primm,
453 4546 478 4582 V·
485 4533 610 4597 9³⁵·949
695 4550 767 4584 nemo
780 4550 852 4584 unus
866 4534 1008 4600 postulabit.

1167 4640 1297 4723 Q
