2656 4794
201 355 254 461 xij
533 352 937 436 novr-unnoms

201 511 320 593 fidem
336 540 595 592 revocavere:
615 515 762 621 itaque,
782 516 815 593 si
836 512 934 623 quid
950 515 1062 622 prior
1085 515 1280 594 omiserat

200 672 269 734 aut
293 655 536 761 neglexerat,
552 656 584 734 si
605 653 703 763 quid
723 656 785 733 vel
804 656 954 761 ingenii
975 655 1140 734 humani
1162 654 1280 733 infir-

202 797 358 895 mitate,
377 796 453 876 ‘vel
483 797 604 875 nimia
632 797 822 904 cupidine
854 797 1102 905 corruptelas
1134 822 1279 875 omnes

200 938 462 1037 resarciendi,
503 938 737 1053 imprudens
774 938 991 1048 aliquando
1030 937 1279 1047 deliquerat,

200 1079 300 1160 alter
319 1080 478 1161 demum
497 1084 720 1191 supplevit,
742 1083 984 1182 emendavit,
1003 1083 1159 1163 meliori
1186 1081 1280 1190 jure

201 1225 421 1305 constituit.

254 1365 445 1446 Eamdem
483 1395 645 1477 quoque
684 1370 953 1477 provinciam,
993 1368 1155 1446 ineunte
1199 1364 1280 1444 hoc

202 1508 362 1603 saeculo,
388 1509 464 1589 sihi
486 1528 713 1625 susceperat
736 1508 1039 1606 Eichstaedtius,
1060 1509 1151 1616 qui,
1181 1522 1280 1615 post
1308 1564 1318 1591 .

203 1648 363 1729 doctam
386 1650 435 1731 dc
454 1652 641 1732 Lucretio
666 1669 705 1732 et
726 1653 810 1761 ejus
832 1652 1006 1731 carmine
1030 1649 1281 1730 dissertatio-

205 1818 311 1889 nem,
338 1809 491 1872 textum
522 1794 605 1902 jam
637 1811 677 1872 et
706 1792 878 1873 indicem
909 1818 1000 1872 cum
1033 1787 1280 1899 quibusdam

202 1930 488 2013 vocabulorum
513 1933 915 2041 interpretationibus
946 1933 1282 2025 concinnaverat;

204 2071 274 2152 sed
307 2075 450 2153 emisso
477 2091 633 2153 tantum
660 2102 742 2152 uno
771 2073 994 2169 volumine,
1023 2088 1139 2150 notas
1174 2097 1282 2147 nun·

205 2242 343 2321 quam,
378 2230 423 2293 ut
450 2214 590 2314 credo,
614 2212 763 2312 edidit;
792 2212 964 2321 ideoque
992 2211 1043 2291 de
1068 2211 1195 2319 ipsius
1223 2209 1283 2288 la·

205 2353 305 2435 bore
316 2357 382 2433 vix
398 2355 618 2465 quidquam
635 2353 938 2464 dijudicandum
953 2368 994 2433 et
1009 2352 1282 2461 pronuntian-

206 2495 302 2576 dum
321 2516 391 2577 est.

258 2636 368 2717 Idem
389 2640 530 2737 etiam,
555 2638 625 2719 sed
656 2641 813 2748 parcius
839 2656 879 2718 et
907 2637 1082 2718 breviter
1110 2635 1284 2714 tentavit

206 2779 399 2881 Orellius,
414 2784 483 2890 qui
498 2783 541 2861 in
552 2783 709 2889 Eologis
723 2800 931 2890 poetarum
946 2782 1162 2860 latinorum
1179 2806 1285 2857 non-

204 2922 336 3001 nullos
361 2923 670 3030 tantummodo,
705 2925 777 3003 etsi
805 2952 888 3002 non
924 2921 1166 3018 mediocres,
1198 2922 1283 2998 Lu·

115 3068 120 3077 '
207 3067 319 3145 cretii
346 3066 455 3147 locos
475 3069 665 3147 varietate
686 3069 900 3148 lectionum
925 3084 964 3145 et
994 3067 1101 3147 notis
1126 3067 1284 3174 optime

206 3206 430 3286 illustravit.

260 3349 355 3426 Post
373 3348 447 3427 hos
467 3350 590 3456 igitur
604 3367 684 3428 tam
703 3349 913 3457 diligentes
930 3367 969 3428 et
984 3376 1141 3455 sagaces
1158 3347 1282 3443 viros,

206 3488 256 3568 de
271 3490 552 3570 constituendo
567 3509 680 3571 textu
696 3492 796 3570 nihil
811 3521 925 3600 paene
937 3508 1144 3599 supererat
1160 3516 1283 3595 agen-

208 3630 317 3731 dum,
329 3634 481 3712 etiamsi
501 3662 564 3712 me
585 3662 668 3713 non
684 3636 850 3714 omnino
869 3634 1105 3715 defecissent
1120 3631 1281 3711 auxilia.

206 3771 349 3850 Nullus
369 3790 499 3852 autem
519 3773 617 3851 mihi
631 3791 779 3881 praesto
793 3772 870 3852 fuit
888 3774 1061 3852 Lucretii
1075 3772 1163 3869 MS,
1179 3772 1282 3868 nisi,

206 3943 324 4022 quem
362 3917 522 3995 unicum
555 3915 734 4025 possidet
762 3916 1009 3996 Bibliotheca
1038 3917 1147 4021 regia
1177 3912 1281 4020 (sub

206 4072 247 4133 n⁰
257 4056 827 4169 999'suppl.lat.)‚fehartaceus
839 4058 980 4159 codex,
992 4074 1162 4138 exeunte
1173 4056 1283 4137 cirri-
