2626 5228
90 346 114 416 8
479 345 768 415 WAKEFlELDI

132 466 257 531 Verum
273 464 460 546 enimvero,
476 488 518 529 ne
542 467 632 553 quis,
652 488 758 531 mores
780 486 870 529 meos
893 461 983 527 baud
1005 476 1167 552 expertus

88 593 174 652 usu,
190 593 334 636 censurae
349 571 517 635 severioris
536 570 671 636 fortasse
691 571 846 660 postulet,
864 570 941 634 libet
959 569 1096 632 Ernesti
1112 568 1165 646 ju·

89 677 228 760 dicium,
242 700 340 765 super
354 677 415 741 hac
426 699 461 740 re
475 677 508 740 in
525 677 722 743 Bibliotheca
737 677 846 741 latina
860 676 996 741 Fabricii
1014 677 1164 751 facturn,

88 784 160 848 rice
173 782 426 874 propugnaculi,
446 782 665 873 subjungere:
682 784 850 849 «Omnino
872 783 936 846 hoc
952 803 1037 871 opus
1061 803 1163 844 sunm

88 889 297 978 peritioribus
313 911 380 952 non
397 886 489 952 valde
506 889 653 977 probavit
670 889 918 976 Harercampus.
937 889 1026 951 lnter
1041 909 1163 950 omnes

88 992 229 1060 editores
243 995 441 1083 principatus
456 993 595 1059 debetur
610 995 770 1058 Lambino
783 1011 815 1058 et
829 993 1001 1074 Creecbi03
1020 992 1106 1056 huic
1122 991 1163 1056 ad

87 1099 332 1190 intelligendum
345 1102 500 1180 maxime,
514 1099 560 1164 illi
575 1100 668 1164 etiam
683 1099 724 1164 ad
738 1101 881 1165 criticam
893 1100 1067 1163 rationem.
1080 1099 1162 1178 Sed,

87 1205 225 1293 quibas
248 1229 300 1271 res
322 1222 409 1272 recte
428 1222 564 1271 tractare
581 1207 697 1295 possit,
726 1206 770 1289 is,
796 1207 822 1270 si
849 1206 1012 1294 suscipere
1035 1227 1161 1269 novam

87 1312 263 1377 editionem
287 1313 363 1377 velit
378 1319 499 1402 ὠφιὸείᾳ
515 1334 570 1394 ea,
594 1335 667 1400 quae
685 1312 782 1378 hodie
805 1313 916 1401 peritis
937 1311 1115 1400 probatur,
1132 1329 1165 1376 et

88 1419 181 1499 cujus
195 1421 341 1508 exempla
352 1419 539 1483 recentioris
557 1421 713 1508 temporis
727 1419 907 1501 habemus,
923 1440 1079 1506 magnam
1097 1418 1165 1483 lau·

89 1520 163 1588 dem
183 1545 296 1612 parare
308 1522 370 1587 sibi
386 1523 498 1610 possit.
511 1523 574 1588 Sed
591 1524 675 1588 absit
688 1524 801 1588 usitata
819 1523 939 1587 nostris
951 1524 1165 1610 temporibus

87 1629 263 1710 festinatio,
283 1645 314 1694 et
330 1629 411 1694 lucri
427 1629 581 1719 cupido».

133 1735 192 1798 llae
218 1751 297 1798 sunt
320 1758 433 1800 omnes
459 1735 617 1800 editiones
636 1736 795 1818 Lucretii,
821 1751 981 1824 qnantum
1003 1735 1168 1824 equidem

89 1839 313 1924 intellexerim,
329 1863 391 1928 ope
406 1839 558 1905 codicum
574 1842 651 1907 Mss.
664 1858 863 1931 procuratae3
883 1842 910 1905 si
926 1839 1028 1905 modo
1046 1842 1169 1934 singu-

90 1946 188 2009 larem
207 1947 363 2035 excipias,
393 1945 434 2010 de
455 1970 520 2036 qua
535 1970 612 2013 mox
630 1948 764 2012 dicetur.
787 1947 877 2012 Nihil
898 1947 996 2036 igitur
1025 1950 1169 2016 tandem

89 2068 255 2138 superest,
267 2051 329 2115 nisi
341 2068 378 2115 ut
387 2073 563 2140 exponam,
574 2053 693 2141 quibus
705 2051 847 2140 denique
857 2053 949 2116 novis
960 2049 1170 2130 adjumentis

90 2157 259 2240 suffultus,
279 2157 399 2245 quibus
424 2158 578 2246 praesidiis
597 2160 757 2223 animatus
779 2181 816 2222 ac
842 2159 992 2239 vallatus,
1021 2158 1170 2248 ipsemet

89 2260 131 2326 ad
150 2263 215 2327 hoc
237 2287 356 2328 munus
379 2264 639 2352 exsequendum,
658 2287 753 2353 grave
774 2266 941 2352 profecto,
958 2263 1113 2351 difficile,
1137 2287 1170 2335 et

89 2372 332 2433 aerumnosnm!
352 2369 504 2434 accedere
521 2393 588 2434 non
612 2370 831 2459 expalluerim.

133 2475 202 2538 Jam
216 2474 330 2540 'decem
347 2476 414 2540 lere
429 2477 505 2540 anni
519 2476 598 2564 lapsi
614 2493 710 2557 sunt,
727 2499 767 2540 ex
780 2497 846 2563 quo
859 2476 955 2541 Fabri
968 2477 1170 2547 Lucretium

89 2581 241 2660 emerim,
253 2581 365 2646 formae
376 2600 519 2670 quartae,
536 2606 639 2670 quum
653 2584 849 2649 bibliotheca
866 2582 994 2648 Ricatdi
1006 2587 1169 2672 bentleii,

91 2686 148 2773 qui
171 2687 290 2750 summi
313 2687 448 2752 Bentleii
475 2687 675 2752 voluntatem
700 2688 969 2752 testamentariam
987 2711 1171 2759 exsecutus

89 2808 148 2874 est,
165 2809 197 2856 et
210 2815 325 2882 magna
341 2815 380 2857 ex
397 2809 485 2881 parte
501 2791 659 2857 librorum
676 2792 897 2858 haereditatem
915 2792 1013 2875 adiit,
1030 2797 1171 2864 actione

90 2899 219 2985 publica
245 2898 482 2964 divenderetur.
507 2901 650 2981 Hujusce
673 2901 863 2989 exemplaris
888 2902 999 2989 primas
1021 2903 1170 2994 plagulae

90 3006 249 3069 rationem
264 3023 452 3094 sequentem
471 3007 580 3070 nescio
598 3006 671 3094 quis
688 3005 824 3094 praefixit
838 3029 846 3068 :

136 3110 219 3173 «llic
240 3110 322 3175 liber
343 3128 390 3176 est
413 3111 540 3175 Ricardi
564 3110 681 3176 Mead:
700 3127 787 3176 notae
813 3135 890 3177 vero
914 3112 992 3176 Mss.
1011 3113 1045 3176 in
1070 3137 1168 3182 mar·

88 3217 183 3304 gine,
197 3232 275 3280 sunt
292 3218 400 3306 magni
418 3218 503 3281 illius
521 3217 624 3281 critici
646 3219 784 3283 Rxcannr
803 3221 979 3301 Banrnnn,
997 3241 1035 3283 ex
1054 3220 1167 3308 ipsius

91 3321 204 3386 codice
221 3324 413 3412 exscriptae».

135 3428 192 3491 Vir
215 3452 352 3518 magnus
373 3431 548 3512 nimirum,
576 3433 661 3496 inter
682 3454 803 3520 pancos
819 3430 973 3495 doctrinae
990 3431 1092 3517 copiis
1112 3435 1168 3499 in-

91 3549 252 3615 structus,
284 3534 339 3600 sed
363 3537 532 3623 sagacitate
557 3537 746 3617 subtiliore,
775 3552 808 3601 ct
833 3536 1010 3600 acutissimi
1037 3535 1168 3624 ingenii

89 3639 328 3722 velocitatibus,
343 3641 485 3729 quodam
500 3642 599 3706 modo
618 3642 702 3724 suis,
716 3642 903 3706 criticorum
920 3641 1087 3726 omnium,
1106 3669 1167 3712 me

86 3743 212 3827 judice,
230 3748 561 3834 praecellentissimus,
576 3748 749 3838 diligenter
761 3765 941 3813 versaverat
954 3749 1166 3839 Lucretium,

88 3850 144 3913 sed
159 3876 264 3941 neque
276 3854 375 3919 libros
390 3878 490 3918 manu
503 3870 663 3936 exaratos,
674 3878 780 3943 neque
795 3856 953 3920 vetustius
964 3856 1166 3944 impressos,

88 3957 212 4021 nullum
245 3957 386 4046 deniqne
415 3976 530 4048 praeter
553 3982 657 4024 unum
686 3960 782 4024 Fabri
815 3960 995 4048 exemplare
1028 3960 1166 4030 videtur
