2626 5228
321 858 329 867 .
377 806 488 880 vrrs
512 808 570 878 nr
594 807 811 879 crannus.
1088 806 1134 904 37

55 933 198 1003 influant
208 956 220 1001 t
231 932 398 1023 praestabit
407 929 569 1020 denique,
586 947 625 994 ut
635 930 669 993 in
681 930 801 1013 rebus,
816 945 978 1017 quaesunt
990 954 1009 995 a
1020 931 1136 1020 pulcro

55 1040 277 1121 alienissime,
307 1036 439 1127 poetico
468 1051 588 1099 ornatu
615 1033 789 1098 vestiendis
813 1032 1138 1125 condecorandisque

55 1145 179 1238 ingenii
192 1145 320 1209 lumina
331 1158 365 1209 et
381 1143 485 1207 multo
499 1143 601 1231 magis
616 1164 667 1206 ars
682 1159 909 1231 agnoscantur.

92 1261 311 1350 Perspicuum
327 1282 366 1324 ex
380 1259 433 1321 his
450 1258 527 1337 erit,
544 1257 708 1321 Ciceronis
726 1255 767 1320 de
781 1257 975 1321 Lucretiano
992 1257 1137 1323 carmine

55 1365 216 1454 judicium
230 1388 299 1455 quo
310 1362 411 1429 modo
422 1363 672 1453 intelligendum
687 1364 742 1438 sit,
755 1364 821 1427 sive
835 1364 964 1451 potius,
977 1387 1049 1451 quae
1061 1381 1136 1453 apta
1182 1430 1188 1439 ,

59 1490 175 1538 πωπω
201 1472 306 1537 aetatis
323 1471 492 1535 subtilitati
520 1469 696 1558 disputatio
723 1470 774 1533 isti
796 1469 942 1551 judicio,
968 1486 1136 1558 tamquam

59 1579 294 1658 fundamento,
311 1576 492 1664 superstrui
505 1590 614 1663 queat.
632 1573 696 1639 Sed
714 1597 782 1638 non
799 1575 903 1663 placet
916 1575 1080 1663 copiosius
1094 1575 1136 1667 de

60 1711 96 1753 eo
110 1684 357 1777 philosophari,
375 1706 417 1747 ne
434 1683 480 1747 rei
494 1704 578 1746 rerae
593 1681 711 1746 falsum
731 1682 875 1746 colorem
892 1678 1003 1745 videar
1018 1681 1135 1769 quaesi-

60 1795 147 1859 visse.
166 1792 328 1856 Veterum
340 1789 429 1855 enim
443 1788 590 1877 plerique
605 1788 639 1851 in
654 1787 849 1852 aestimandis
865 1804 1039 1877 poetarum
1054 1810 1135 1876 ope-

60 1899 146 1975 ribus
168 1897 360 1987 longissime
378 1894 513 1959 aberant
535 1894 576 1958 ab
604 1894 839 1959 Eratosthenes
864 1895 1042 1983 sapientia,
1068 1909 1134 1958 tam

60 2026 207 2094 perversa
234 2000 280 2065 illi
304 2017 465 2091 praecepta
491 1999 567 2064 artis
594 2000 748 2088 amplexi,
774 2016 812 2063 ut
838 2023 906 2064 non
934 1999 1034 2063 modo
1057 2022 1134 2063 eum

59 2126 188 2199 poetam
216 2130 318 2173 omne
344 2106 455 2171 tulisse
482 2123 641 2195 punctum
666 2123 854 2188 censerent,
881 2107 940 2194 qui
964 2105 1043 2170 utile
1077 2105 1136 2169 mi·

60 2216 193 2281 acuisset
204 2212 306 2295 dulci,
319 2214 474 2277 lectorem
488 2211 680 2276 delectando
690 2212 874 2300 pariterque
887 2209 1064 2294 monendo,
1077 2209 1135 2275 sed
1166 2242 1173 2255 =

60 2338 92 2386 ut
111 2322 186 2386 baec
208 2342 277 2409 pree
297 2318 418 2383 caeteris
440 2318 582 2381 carmina
608 2316 786 2405 probarent
806 2333 838 2380 et
860 2332 1071 2405 appeterent,
1099 2317 1134 2379 in

60 2426 177 2516 quibus
199 2425 317 2514 pulcro
334 2424 462 2489 bonum
481 2423 685 2512 praevaleret,
709 2426 772 2486 hoc
791 2438 855 2504 est,
875 2445 1018 2510 quorum
1036 2423 1132 2487 lectio

61 2556 123 2599 uon
138 2550 209 2598 tam
227 2532 327 2598 animi
340 2531 475 2596 liberam
488 2532 762 2613 oblectationem,
779 2555 853 2620 quae
867 2554 886 2596 a
899 2533 1015 2620 pulcro
1029 2532 1134 2621 gigni-

60 2656 119 2722 tur,
135 2661 238 2727 quam
255 2637 427 2701 utilitatem
445 2637 622 2725 praeberet,
640 2660 658 2701 e
674 2638 765 2703 bono
781 2635 1042 2726 redundantem(
1064 2638 1089 2727 )
1102 2639 1133 2703 A

61 2768 119 2834 qua
133 2742 307 2826 judicandi
320 2744 528 2831 perversitate
546 2744 571 2805 si
590 2741 805 2807 discesserunt
819 2743 1013 2826 Cicerones,
1035 2767 1133 2808 saecu.

60 2848 124 2915 lum
150 2872 252 2914 suum
273 2849 425 2913 acumine
452 2865 765 2937 praecucurrerunt:
790 2849 840 2912 sin
865 2846 1024 2928 judicium
1050 2848 1134 2914 illud

61 2978 152 3023 mum
171 2955 266 3021 aliter
282 2957 458 3020 voluerunt
475 2955 626 3044 intelligi,
649 2955 758 3019 Tullio
774 2972 960 3044 opportune
976 2957 1040 3020 hoc
1058 2957 1133 3020 loco

63 3060 215 3151 contigit,
231 3075 286 3141 ut,
305 3058 395 3147 quod
409 3060 553 3124 acumini
565 3058 708 3141 deesset,
723 3060 877 3124 orationis
893 3083 961 3124 non
980 3059 1132 3125 distincta

62 3170 131 3232 satis
147 3166 309 3231 brevitate
324 3183 589 3254 consequeretur.

94 3280 159 3349 sed
177 3282 383 3345 manifestius
402 3282 497 3345 etiam
521 3305 560 3346 ex
579 3282 639 3364 iis,
656 3304 729 3369 quae
752 3279 929 3369 disputavi,
950 3280 1132 3369 apparebit,

61 3384 130 3453 ideo
145 3410 218 3453 nou
235 3387 358 3477 culpari
374 3403 515 3475 poetam,
533 3404 589 3451 aut
608 3388 749 3451 multum
767 3387 807 3451 de
822 3386 971 3450 laudibus
988 3389 1057 3472 ejus
1075 3384 1131 3450 de-

62 3494 141 3559 trahi
158 3516 273 3585 posse,
282 3493 373 3582 quod
386 3494 470 3582 ipse,
485 3494 610 3558 alienus
623 3495 663 3558 ab
680 3495 879 3558 inventionis
893 3493 1052 3575 sollertia,
1066 3516 1131 3558 ma·

61 3599 154 3667 luerit
164 3602 201 3665 in
212 3600 338 3691 placitis
350 3600 496 3691 magistri
509 3602 560 3666 sui
571 3602 792 3689 acquiescere,
805 3625 904 3690 quam
920 3602 1021 3666 libero
1033 3602 1133 3665 animi

62 3704 182 3796 impetu
201 3729 262 3796 per
275 3706 388 3796 ignota
405 3724 438 3772 et
453 3708 610 3773 intentata
632 3710 749 3798 vagari.
773 3711 850 3773 Erat
873 3707 1003 3772 abunde
1026 3707 1131 3772 laudis

63 3813 255 3894 meriturus,
277 3814 307 3877 si
329 3811 430 3878 modo
449 3814 484 3877 in
507 3813 684 3879 tractandis
704 3814 925 3902 ornandisque
945 3814 1057 3877 alicnis
1082 3814 1133 3876 sui

64 3916 178 4008 ingenii
196 3920 322 3984 lumina
339 3920 544 3986 ostendisset.
559 3922 681 3986 Verum
703 3939 738 3986 ut
755 3923 787 3985 in
803 3938 995 4012 argumento
1016 3922 1133 4009 Epicu·
1213 3910 1217 3919 ’

65 4044 149 4108 urm,
166 4027 213 4091 ita
231 4027 266 4091 in
283 4027 370 4091 illius
390 4029 579 4095 tractatione
596 4027 712 4094 ducem
735 4046 767 4092 et
784 4046 952 4095 auctorem
974 4044 1133 4115 sequutus

67 4146 107 4193 est
130 4130 382 4221 Empedoclem,
405 4133 683 4224 Pythagoreorum
701 4136 850 4199 omnium
877 4135 975 4222 longe
998 4132 1134 4196 clarissi-

68 4254 166 4319 mum,
192 4260 294 4326 quem
313 4260 442 4304 carmen
470 4240 519 4305 De
543 4265 646 4305 rerum
669 4255 785 4307 natura
812 4243 915 4306 multo
935 4257 966 4304 et
992 4239 1081 4327 prius
1101 4253 1134 4301 et

96 4427 131 4499 (ι)
146 4432 196 4481 les
207 4433 270 4483 satis
283 4443 358 4499 uota,
371 4434 410 4486 val
424 4452 457 4486 ex
474 4437 571 4487 Horatii
583 4438 694 4504 Epistola
708 4439 739 4488 ad
751 4440 851 4489 Pisones
865 4457 888 4487 v.
899 4439 949 4487 333
962 4448 987 4485 et
998 4435 1059 4492 343.
