2626 5228
127 343 147 387 a
515 316 805 386 WAKEFIELDI

127 472 201 514 rum
228 448 277 511 vel
302 445 469 528 socordia,
499 446 549 510 vel
575 446 719 530 inscitia,
750 448 801 512 vel
826 447 1007 512 temeritate
1037 445 1203 538 denique,

124 558 189 642 ὑπὲρ
208 560 287 644 μόρον
305 553 501 633 cumulatas,
514 567 553 615 ut
570 551 611 617 de
628 570 763 617 conatus
781 552 844 617 mei
860 575 1027 635 successu,
1043 553 1203 620 adhibitis

123 662 219 726 etiam
235 658 344 723 studio
359 659 601 747 improbissimo
617 675 648 724 et
664 659 834 724 sedulitate
849 660 1090 744 morosissime,
1106 663 1202 750 plane

121 767 340 856 desperarem3
354 764 539 829 debilitatus
551 766 667 845 animi,
680 782 777 853 atque
787 767 900 855 coeptis
911 765 1095 832 audacibus
1108 792 1202 856 paene

120 889 360 954 consternatus,
386 871 465 935 dum
492 872 671 936 naviculam
699 895 824 948 meam,
844 874 1002 936 immensa
1024 873 1200 955 cujusdam

119 979 272 1044 vastitatis
289 976 464 1042 solitudine
484 976 715 1059 fluctuantem,
733 977 970 1042 tremebundus
993 980 1200 1069 contempla·

118 1074 194 1150 rer:
219 1114 232 1138 ι
246 1084 344 1147 maria
361 1082 529 1172 undique,
547 1098 579 1146 et
602 1081 749 1170 undique
772 1083 908 1148 coelum!
925 1114 937 1139 ι
957 1084 1118 1168 Etenim,
1144 1086 1201 1150 mi·

117 1207 233 1256 rentur
250 1189 323 1261 licet
342 1190 519 1278 inexperti,
537 1212 611 1253 vere
627 1189 708 1252 mihi
725 1188 872 1254 dicturus
888 1189 1010 1270 videor,
1029 1213 1074 1254 ne
1093 1215 1199 1257 unum

117 1297 249 1386 quidem
259 1319 298 1361 ex
309 1296 370 1360 illis
382 1295 548 1376 omnibus,
568 1294 625 1382 qui
639 1318 697 1384 per
708 1297 766 1359 aevi
781 1294 902 1361 flumen
916 1293 1074 1384 adusque
1087 1315 1199 1363 nostra

67 1417 71 1430 “
116 1419 262 1493 tempora
278 1400 425 1465 devoluti
440 1416 538 1482 sunt,
557 1401 767 1490 scriptoribus
785 1402 936 1465 Lucretio
954 1401 1064 1465 minus
1084 1425 1198 1468 emen·

116 1508 230 1574 datum
238 1507 337 1594 vulgo
350 1506 500 1583 manibus
513 1508 672 1573 lectorum
683 1509 741 1573 teri
750 1532 759 1590 3
768 1524 823 1571 aut
833 1508 866 1572 in
878 1508 970 1589 cujus
980 1522 1086 1589 textu,
1098 1533 1198 1598 quem

93 1677 95 1683 ,
116 1613 242 1688 dicunt,
258 1610 488 1678 concinnando
503 1613 603 1701 magis
620 1636 740 1701 susque
757 1611 864 1699 deque
881 1611 1026 1675 habitam
1044 1629 1197 1679 vetusto·

29 1744 33 1759 ¹
115 1741 188 1782 rum
208 1717 368 1781 librorum
387 1716 482 1781 fidem
503 1719 622 1805 passim
640 1719 768 1783 senties.
787 1717 888 1799 Nam,
901 1734 938 1782 ut
955 1721 1199 1800 concesserim,

114 1823 185 1888 cari
200 1822 304 1887 nostri
313 1838 540 1912 argumentum
555 1845 623 1886 non
637 1845 672 1887 ea
685 1844 753 1886 esse
762 1821 958 1902 amoenitate,
969 1844 1043 1909 quae
1058 1824 1198 1890 turbam

113 1931 290 2010 lectorum,
302 1927 343 1992 de
355 1951 464 1992 rerum
475 1945 589 1992 natura
604 1945 636 1993 et
650 1929 767 1993 abditis
778 1927 991 2017 philosophiae
1002 1950 1127 2015 parum
1139 1933 1200 1997 sol-

111 2036 293 2116 licitorum,
312 2034 377 2097 suis
401 2034 558 2098 illecebris
582 2050 699 2123 sponte
723 2034 848 2114 trahat3
869 2033 1057 2123 simplicitas
1076 2049 1197 2102 tamen

112 2142 267 2206 orationis
288 2140 467 2229 purissimas
491 2139 694 2222 inaffectata,
713 2140 834 2228 ingenii
860 2123 959 2203 lactea
982 2138 1142 2225 ubertas,
1164 2143 1197 2209 in

112 2247 306 2335 omnigenos
318 2245 443 2332 lepores
459 2246 521 2309 late
539 2245 708 2322 diffluens,
727 2246 960 2310 sincerissimus
976 2245 1118 2333 insuper
1134 2250 1201 2314 ele·

112 2354 292 2442 gantiamm
312 2352 511 2439 poeticarum
528 2369 660 2439 gustus,
679 2352 789 2415 nativo
804 2350 947 2440 quodam
962 2373 1062 2415 sensu
1078 2356 1201 2420 rectis·

112 2460 195 2524 simo
211 2458 443 2539 delibatarum3
458 2472 489 2519 et
501 2458 637 2521 varietas
654 2480 828 2521 numerosa
844 2479 1018 2539 versuum,
1033 2455 1134 2544 lapsu
1153 2463 1201 2525 fa·

114 2564 166 2629 cili
182 2563 443 2643 decurrentium,
463 2578 495 2626 et
511 2562 605 2627 melle
623 2563 739 2627 Museo
754 2586 829 2627 vere
846 2578 1076 2628 contactorum
1094 2587 1103 2628 :
1124 2565 1200 2632 lraec

111 2670 220 2736 omnia
253 2670 454 2735 severitatem
484 2669 691 2734 subtiliorum
724 2670 995 2758 disceptationum
1023 2666 1199 2737 deliniunt

111 2774 330 2864 usqueadeo,
355 2798 393 2838 ac
410 2773 608 2852 devincunt,
629 2806 642 2831 a
654 2775 797 2840 Molliter
812 2791 978 2839 austerum
995 2772 1112 2840 studio
1134 2781 1199 2845 fal·

46 2898 55 2904 ’
112 2882 199 2946 lente
224 2883 367 2946 laborem
382 2913 412 2964 ι,
437 2897 475 2945 ut
498 2903 595 2950 nemo
620 2882 662 2946 sit
680 2881 817 2971 ingeniis
837 2880 1059 2961 non-fucatis,
1088 2899 1199 2972 atque

113 2987 326 3076 elegantibus,
336 2986 541 3052 demerendis
553 2988 845 3069 accommodatior;
859 3009 968 3068 nemo,
976 2985 1033 3073 qui
1047 2983 1199 3077 diligen·

114 3091 193 3155 tiam
213 3090 350 3155 fideliter
371 3093 580 3157 tractantium
603 3093 747 3181 pleniore
767 3110 929 3180 proventu
953 3097 1196 3163 remunerabit

113 3197 294 3279 Nimirum,
319 3196 345 3260 si
370 3221 497 3282 rerum,
519 3197 560 3263 de
586 3199 705 3287 quibus
729 3198 885 3287 disputat,
903 3197 1143 3265 obscuritatem
1160 3220 1196 3268 et

109 3301 310 3382 jejunitatem
326 3303 500 3368 liberaliter
516 3304 689 3384 intuearis,
703 3304 873 3369 Lucretius
887 3319 1001 3367 auctor
1017 3318 1064 3367 est
1077 3304 1197 3392 philo·

112 3409 234 3496 sophiae
251 3409 397 3499 poeticus
420 3410 519 3499 longe
535 3410 700 3499 longeque
719 3410 991 3491 dilucidissimus3
1010 3431 1070 3473 nec
1089 3431 1195 3495 sunt,

113 3516 177 3579 nisi
192 3516 362 3599 rarissimi,
384 3516 417 3579 in
439 3537 539 3604 opere
555 3532 626 3580 toto
642 3517 722 3599 loci,
743 3518 800 3605 qui
817 3515 1003 3582 desiderent
1023 3516 1194 3605 interpre-

112 3637 195 3703 tem,
212 3639 268 3687 aut
283 3621 436 3686 lectorem
451 3622 577 3687 modice
593 3623 808 3711 perspicacem
822 3624 941 3687 morari
957 3637 1102 3710 queant:
1124 3624 1196 3692 hoc

111 3743 232 3807 autern,
250 3727 293 3790 ob
314 3726 559 3815 depravationes
576 3728 799 3815 potissimum,
814 3745 917 3816 poetae
934 3750 1001 3791 non
1019 3727 1193 3814 imputan-

113 3831 169 3897 das
187 3856 194 3897 :
213 3831 248 3898 id
264 3831 370 3920 quod,
385 3847 535 3921 expertus
554 3856 616 3897 usu
632 3856 721 3914 rem,
737 3849 875 3899 tutemet
892 3832 982 3898 baud
999 3854 1083 3921 tegre
1105 3857 1194 3903 con·

112 3936 263 4003 fiteberis.
285 3937 344 4002 His
359 3936 460 4025 igitur
475 3935 516 4003 de
532 3940 655 4022 causis,
676 3940 887 4005 vehementer
903 3938 1056 4026 equidem
1072 3939 1191 4008 mirari
