2626 5228
10 25 1240 453 u

274 467 280 477 ι

379 823 487 893 VITA
513 819 569 888 ET
593 816 814 886 CARMINE.
1086 818 1133 892 33

57 952 213 1020 rectionis
231 963 365 1038 apparet
381 946 414 1002 in
430 940 532 1002 Servii
544 936 671 1000 scholio
687 934 866 1000 adAEneid.
883 935 961 1018 vn,
980 937 1133 1024 804111„

57 1083 169 1126 versus
184 1047 322 1115 Lucretii
339 1046 384 1109 ita
402 1043 597 1108 exhibetur:

180 1224 243 1270 Tum
256 1233 323 1266 mare
336 1214 483 1272 velivolum
501 1212 608 1262 llorebtt
620 1209 721 1260 mnibu'
733 1212 832 1277 pandis.

10 1416 12 1423 1
57 1389 168 1472 Quem
187 1404 317 1447 versum
335 1379 498 1460 editores,
512 1375 658 1466 neglecta
670 1398 744 1440 vera
759 1377 1037 1464 interpunctione,
1053 1382 1137 1447 male

58 1495 105 1561 sic
121 1489 339 1556 refluxerunt:

184 1662 248 1708 Tum
262 1669 329 1703 mare
343 1650 477 1700 velivolum
492 1648 597 1698 florebat
610 1647 710 1698 navibu’
725 1649 823 1714 pandis.

60 1827 105 1890 At
121 1822 218 1906 longe
238 1812 416 1903 elegantius
435 1825 504 1890 est,
524 1808 614 1896 quod
635 1809 668 1871 in
689 1809 821 1896 optimis
845 1807 1015 1880 codicibus
1033 1837 1140 1907 reper-

60 1945 151 2007 tum,
168 1915 369 1986 Wakefieldo
386 1929 574 2004 praeeunte,
593 1912 724 1977 tandem
742 1936 759 1978 1
781 1915 875 1981 nobis
894 1920 1073 2006 repositum
1092 1942 1141 1990 est

62 2032 193 2123 (11.1,
212 2025 338 2112 1440:

186 2202 251 2248 Tum
264 2211 330 2244 maro
344 2192 456 2242 velivolis
471 2191 575 2240 florebat
588 2203 691 2257 propter
704 2192 802 2242 odores.
904 2182 911 2195 ⁴

63 2353 112 2418 De
126 2352 175 2415 his
190 2362 223 2410 et
234 2343 302 2408 aliis
317 2338 546 2427 hujuscemodi
562 2339 641 2403 locis
659 2338 893 2428 disputandum
909 2341 970 2408 erit
984 2345 1059 2411 alias
1076 2349 1149 2434 sim,

64 2454 197 2549 gulatim
214 2467 247 2516 et
264 2446 464 2528 accuratius,
484 2468 551 2536 quo
576 2444 693 2509 clarius
709 2446 895 2533 proferatur
911 2449 968 2514 lux
983 2453 1137 2522 veritatis,

64 2564 162 2628 Nunc
178 2559 249 2622 haec
265 2555 408 2620 breviter
424 2568 553 2617 notasse
566 2552 643 2616 satis
657 2552 779 2634 babeo,
795 2554 896 2643 magis
913 2573 965 2637 ut,
985 2577 1059 2647 quae
1074 2562 1141 2627 sint
1186 2639 1189 2649 Ι

63 2661 258 2752 suspicionis
274 2675 393 2724 nostrae
409 2655 571 2758 praesidia,
586 2680 685 2745 quant
703 2675 862 2747 quantum
882 2683 900 2725 e
917 2662 1051 2753 singulis
1069 2690 1140 2733 mo·

65 2770 167 2836 menti
183 2788 303 2833 caussae
320 2764 466 2846 11111111,
481 2763 620 2829 cordatis
630 2763 796 2845 judicibus
811 2767 1033 2855 perspiciatur,

110 2970 172 3036 Sed
185 2970 271 3033 hanc
286 2983 387 3032 totam
402 2965 676 3054 disputationem,
690 2981 787 3030 erunt
802 2966 959 3053 forsitan,
979 2973 1036 3060 qui
1052 2973 1138 3041 lusui

63 3079 264 3166 oequiparent
275 3123 287 3157 ,¹
301 3074 376 3162 quia
391 3073 569 3136 maximum
582 3087 615 3135 et
626 3072 871 3161 gravissimum,
890 3075 980 3164 quod
997 3080 1074 3167 ipsis
1091 3083 1139 3146 vi·
1198 3056 1201 3062 Δ

64 3185 189 3265 deutur,
207 3194 437 3269 argumentum
461 3177 502 3243 de
520 3198 647 3240 summa
664 3177 749 3242 illius
773 3177 918 3245 decedat.
939 3182 1057 3268 Silent,
1076 3186 1138 3249 'in-

64 3291 205 3379 quiunt,
224 3285 266 3349 de
288 3285 348 3348 ista
365 3283 549 3348 Lucretiani
568 3284 725 3372 poematis
747 3287 937 3352 recensione
957 3290 1007 3353 vel
1026 3312 1138 3356 emen·

63 3396 196 3462 datione
217 3408 352 3456 veteres.
377 3387 495 3455 Audio.
521 3387 584 3452 Sed
604 3411 707 3479 quum
725 3376 862 3456 omnino
882 3396 1100 3483 argumentis,
1119 3424 1137 3465 a

64 3501 192 3568 silentio
217 3513 251 3561 et
269 3495 446 3560 omissione
469 3484 654 3575 1111111111,ἰ
673 3493 762 3558 haud
783 3518 899 3586 magna
923 3499 965 3564 sit
988 3499 1137 3570 habenda

65 3609 160 3690 fides,
179 3623 251 3672 tum
269 3605 304 3668 in
320 3603 381 3666 hac
401 3616 512 3665 nostra
534 3624 645 3665 caussa
663 3601 827 3667 silentium
844 3593 923 3669 illud
944 3609 1135 3698 neutiquam

30 3718 35 3733 '
64 3719 127 3782 tale
145 3731 212 3796 est,
228 3728 267 3777 ut
289 3711 435 3776 obscurae
451 3709 543 3774 famae
557 3724 591 3774 et
603 3710 675 3799 vagi
693 3711 833 3775 rumoris
852 3714 986 3804 vestigia
1001 3739 1135 3805 prorsus

64 3823 227 3891 deficiant.
248 3823 368 3885 Parum
385 3817 538 3906 equidem
555 3817 666 3894 tribuo
686 3819 817 3883 Eusebii
836 3822 1041 3908 testimonio,
1060 3829 1136 3916 qui,

64 3931 155 4021 quod
179 3950 309 3994 carmen
330 3926 498 3991 Lucretius
521 3924 711 3989 inchoatum
728 3925 911 4015 reliquerit,
928 3953 947 3992 a
964 3930 1009 3998 M.
1027 3934 1136 4001 Tullio

65 4039 224 4102 Cicerone
247 4033 429 4121 profectum
452 4053 521 4095 esse
546 4047 645 4118 atque
670 4031 848 4119 expolitum
873 4033 1021 4101 affirmat.
1049 4040 1134 4107 Nam

64 4141 229 4209 Ciceronis
244 4156 276 4203 11
290 4138 450 4228 poeticam
468 4134 667 4218 facultatem,
681 4152 713 4200 11
729 4159 879 4227 magnam
896 4139 996 4206 libros
1012 4166 1088 4208 suos
1104 4163 1136 4212 11

64 4250 180 4315 merita
196 4244 379 4312 ostentandi
397 4242 607 4333 cupiditatem
629 4242 757 4332 ignoret
776 4268 907 4310 necesse
932 4265 997 4331 est,
1021 4251 1074 4315 cui
1093 4252 1135 4319 de

65 4356 198 4422 Eusebii
225 4352 410 4418 narratione
426 4375 492 4416 non
518 4352 705 4416 suboriatur
725 4350 895 4418 dubitatio.
912 4352 1026 4447 Quum
1045 4357 1136 4426 enim
1203 4353 1207 4362 ’

66 4465 178 4530 Cicero
194 4459 315 4525 nullam
332 4475 456 4523 temere
469 4457 672 4522 occasionem
689 4457 930 4549 pretermittat,
944 4464 947 4469 “
969 4469 1066 4552 χχ)Ι

141 4595 166 4639 1.

687 4751 695 4778 l
