2626 5228
424 870 533 941 VITA
557 870 615 939 ET
635 870 859 939 ,CARMINL
1129 887 1170 936 ar

105 990 272 1057 neminem
301 991 423 1080 fugiet,
451 992 508 1080 qui
527 1014 567 1056 ex
584 992 645 1056 hac
668 1008 764 1081 gente
783 989 934 1079 cognorit
952 988 1178 1078 Tricipitinus,

105 1095 225 1163 Cinnas
235 1149 244 1177 ‚
254 1098 474 1187 Vespillones‚
485 1098 624 1180 Ofellas,
636 1096 726 1161 alios.
736 1095 786 1160 Ad
799 1111 1054 1185 cognomentum
1068 1110 1178 1158 autern

104 1199 218 1266 Nostri
236 1203 326 1293 quod
342 1205 476 1287 attinet,
494 1226 693 1291 quamquam
709 1202 790 1267 illud
804 1202 908 1266 rarius
926 1202 961 1265 in
980 1201 1069 1265 fastis
1083 1216 1178 1267 caetev

104 1305 216 1399 risque
241 1310 463 1374 monumentis
489 1309 665 1390 invenitur,
682 1311 869 1373 Romanurn
895 1325 1004 1371 tamen
1027 1329 1114 1387 esse,
1139 1328 1178 1368 ex

104 1415 213 1480 Ovidii
228 1431 260 1478 et
276 1415 395 1479 Valerii
414 1415 567 1478 Martialis
579 1415 702 1502 aliquot
717 1414 795 1478 locis
812 1429 897 1477 reete
909 1412 1083 1500 colligitur.
1097 1413 1179 1474 Acu-

104 1523 194 1585 mine
210 1520 356 1585 abutitur
373 1520 570 1600 Lambinus,
585 1536 624 1584 ut
639 1521 807 1601 tenebras,
822 1517 948 1582 familiae
963 1517 1104 1582 Lucretii
1120 1538 1180 1603 per

105 1644 156 1692 tot
176 1627 292 1691 sucula
311 1626 451 1708 oil'usas,
475 1624 635 1690 discutiat.
667 1625 736 1689 Nec
753 1647 830 1689 vero
850 1622 1023 1688 succedere
1041 1637 1178 1686 conatus

103 1748 227 1822 potest,
246 1733 303 1820 qui
321 1732 454 1822 argutiis
470 1755 530 1820 pro
550 1730 840 1812 demonstratione,
859 1729 1055 1810 conjecturis
1073 1743 1106 1792 et
1120 1728 1178 1790 ha·

102 1838 331 1902 riolationibus
350 1860 410 1925 pro
433 1838 594 1901 historicis
615 1837 813 1925 argumentis
838 1852 958 1901 utatur.
986 1834 1177 1898 Poteramus

102 1945 213 2031 itaque
227 1944 268 2007 ab
286 1944 337 2007 his
350 1943 512 2007 abstinere
530 1966 538 2006 :
557 1942 615 2007 sed
635 1966 677 2006 ne
691 1942 844 2023 lectores,
863 1941 1063 2030 argutiarum
1078 1961 1177 2026 quam

102 2050 170 2113 reri
187 2048 389 2136 cupidiores,
401 2069 436 2112 se
454 2048 520 2112 ulla
539 2049 626 2112 bona
641 2071 677 2112 re
694 2070 752 2136 per
770 2070 830 2110 nos
846 2048 1016 2110 frustratos
1035 2044 1177 2124 doleant,

105 2155 201 2219 etiam
216 2154 285 2218 haeo
299 2154 447 2218 Lambini
460 2154 559 2218 rerba
574 2152 712 2219 fideliter
726 2141 913 2218 referamus.
929 2150 1107 2217 «Credibile
1119 2167 1178 2231 est,

104 2260 232 2348 inquit,
247 2261 344 2340 hujus
363 2260 488 2324 familiae
501 2260 688 2342 Lucretius,
705 2261 848 2348 equestri
866 2256 982 2324 ordine
995 2272 1179 2338 contentos,

104 2364 376 2453 populihonores
393 2388 459 2429 non
479 2387 676 2455 magnopere
694 2366 876 2453 expetisse:
897 2362 986 2452 quod
1002 2385 1102 2426 nemo
1115 2361 1177 2425 mi·

105 2471 247 2552 rabitur,
274 2472 331 2559 qui
349 2470 481 2560 legerit,
512 2475 547 2537 C.
570 2471 781 2536 Maecenatem
794 2470 1002 2558 Vipsanium,
1022 2478 1125 2556 quum'
1145 2483 1178 2532 et
1243 2520 1249 2533 .

105 2578 221 2642 Caesari
233 2581 401 2667 Augusto,
417 2595 451 2642 et
466 2578 513 2642 M.
530 2578 680 2668 Agrippae
692 2579 877 2643 carissimus
890 2593 988 2664 atque
1004 2576 1085 2640 adeo
1103 2575 1177 2638 inti·

104 2703 177 2745 mus
193 2697 292 2764 esset,
311 2682 451 2771 ideoque
467 2684 683 2771 amplissimos
698 2683 842 2750 bonores
859 2670 992 2770 capere,
1017 2697 1115 2769 atque
1131 2677 1174 2744 ad

102 2789 300 2852 senatorium
314 2786 463 2852 ordinem
478 2791 646 2877 pervenire
662 2805 788 2879 posset,
798 2805 938 2878 angusto
955 2788 1045 2852 clavo
1062 2802 1171 2850 tamen

101 2909 294 2959 contentum
312 2895 419 2960 fuisse.
434 2896 523 2959 Licet
535 2896 630 2961 etiam
643 2894 766 2977 dicere,
784 2895 970 2960 Lucretium
986 2909 1136 2957 nostrum
1152 2913 1170 2957 e

101 2999 326 3089 vespillonum
343 3018 400 3065 aut
418 3002 595 3066 Ol'ellarum
619 3002 739 3066 familia
758 3001 872 3081 luisse,
896 3001 1029 3089 duoque
1046 3020 1169 3087 cogno·

100 3105 189 3168 mina
205 3105 375 3187 babuisse,
401 3128 504 3193 quum
523 3105 565 3170 ad
582 3128 758 3171 commune
775 3108 875 3170 totius
899 3105 1024 3170 familiar
1044 3125 1169 3192 coguo-

101 3229 177 3272 men
189 3225 244 3274 aut
258 3210 453 3298 Vespillonis
467 3228 524 3275 aut
538 3212 671 3293 Olellae,
690 3234 873 3302 cognomen
885 3212 956 3278 Cari
967 3210 1169 3290 accessisset,

101 3314 153 3376 vel
182 3330 317 3401 propter
344 3315 467 3403 ingenii
495 3318 753 3405 magnitudinem
786 3335 820 3381 et
846 3317 1080 3405 prestantium,
1117 3312 1170 3377 rel

99 3435 236 3507 propter
257 3442 387 3483 morum
406 3421 593 3485 suavitatem
613 3438 644 3485 et
666 3423 873 3504 comitatem,
894 3421 945 3486 vel
965 3436 1097 3510 propter
1112 3420 1170 3483 ali·

99 3523 179 3612 quid
205 3524 278 3590 tale.
298 3523 398 3607 Quod
415 3541 455 3589 ut
474 3524 596 3590 facilius
614 3525 759 3610 credam,
779 3528 855 3591 iacit
874 3527 923 3591 vel
943 3527 982 3609 Q.
1002 3525 1174 3590 Lucretius*

99 3630 259 3718 Vespillo,
284 3631 366 3710 juris
391 3631 533 3719 peritus,
562 3655 659 3720 quem
677 3650 912 3698 commemorat
932 3634 980 3698 M.
991 3630 1116 3698 Tullius
1133 3632 1168 3696 in

99 3738 200 3800 Bruto
219 3736 301 3825 (cap.
322 3735 383 3818 48,
403 3736 455 3826 d),
477 3737 527 3802 vel
556 3740 597 3822 Q.
624 3741 793 3804 Lucretius
811 3740 929 3822 Ofella,
956 3763 1054 3828 quem
1080 3737 1168 3803 idem

98 3841 221 3907 ibidem
237 3842 349 3907 scribit
365 3845 524 3931 aptiorem
544 3847 812 3917 contentionibus
832 3846 946 3929 fuisse,
966 3870 1065 3935 quam
1077 3843 1168 3931 judi-

99 3948 155 4014 ciis
166 3972 175 4013 ε
188 3949 229 4012 de
242 3971 310 4037 quo
325 3950 459 4014 fortasse
471 3966 504 4013 et
516 3949 655 4015 Velleius
666 3951 854 4019 Paterculus
865 3953 949 4017 libro
963 3954 993 4041 ll
1011 3952 1051 4040 (c.
1066 3972 1121 4038 27,
1133 3949 1167 4037 6)

99 4053 195 4117 verba
204 4055 279 4119 iacit
289 4078 296 4122 ;
306 4053 355 4121 rel
366 4054 474 4143 potius
484 4055 563 4119 alter
575 4056 744 4121 Lucretius
760 4059 914 4146 Vespillo,
922 4057 1013 4137 cujus
1027 4057 1072 4121 Μ.
1085 4055 1167 4119 Tul·

98 4160 162 4224 lius
182 4159 384 4225 mentionem
408 4157 484 4224 facit
503 4159 585 4225 libro
608 4162 688 4227 Vlll
707 4164 928 4250 Epistularum
946 4162 987 4228 ad
1004 4163 1167 4237 Atticum,

99 4266 233 4354 epistola
252 4266 289 4346 5,
306 4281 340 4329 et
359 4267 393 4329 C.
412 4269 516 4331 Coesar
530 4267 616 4331 libro
627 4270 662 4350 1,
679 4291 749 4357 cap.
773 4270 832 4349 18,
847 4287 879 4334 et
896 4271 964 4350 Ill,
980 4289 1051 4357 cap.
1068 4288 1103 4352 7,
1118 4262 1169 4327 Do
1224 4276 1231 4291 ⁶

99 4370 185 4435 bello
206 4370 290 4436 cirili
306 4394 315 4436 :
334 4387 372 4435 ut
399 4370 553 4438 credibile
577 4375 635 4457 sit,
659 4374 846 4440 Lucretium
870 4390 1025 4441 nostrum·
1040 4366 1169 4449 ‘bem

99 4477 233 4565 alicujus
246 4466 378 4547 fratreri
392 4498 586 4567 germanum
596 4495 654 4545 aut
664 4478 846 4570 pauuelem
855 4472 1195 4571 imunt-Hw-
