2626 5228
24 891 28 897 .
64 881 708 905 mmmmmwtmwtmwtwnuuun
713 884 1028 906 ΜΜΒἋΜΜΝΜ
1032 887 1123 907 ΝΜ

124 1105 623 1229 WAKEFIELDI
664 1108 1067 1221 PRAEFATIO.

346 1424 849 1468 m-—Qmfi———ss-

62 1706 276 1816 Destruit,
303 1735 380 1798 scite
396 1734 497 1797 lector
512 1748 547 1796 et
563 1733 707 1814 erudite,
729 1733 994 1796 Lucretianorutn
1015 1736 1129 1799 carmi·

62 1864 159 1923 num,
178 1840 263 1903 curis
278 1841 356 1903 meis
373 1839 608 1926 expolitorum,
626 1855 724 1928 atque
738 1839 833 1920 justae
851 1839 1049 1903 recensionis
1067 1863 1131 1930 ope

60 1946 101 2010 ad
118 1947 291 2034 pristinum
309 1946 435 2010 cultum
454 1944 677 2032 nitoremque,
692 1945 723 2009 in
740 1961 901 2032 quantum
920 1947 1131 2036 perscriptos

12 2095 20 2111 .
59 2052 187 2116 codices
214 2068 310 2140 atque
337 2049 592 2114 mediocritatem
610 2050 787 2140 sagacitatis
814 2072 894 2114 meaa
919 2067 952 2115 et
975 2051 1131 2116 doctrinae

58 2159 205 2239 licuerit,
222 2157 499 2238 reformatorum,
527 2155 653 2219 dudum
684 2156 899 2244 promissione
923 2174 1130 2247 susceptum,

59 2263 192 2328 tandem
209 2262 286 2344 tibi,
306 2260 362 2327 sed
381 2263 483 2326 serius
500 2261 702 2350 aliquantulo
722 2267 819 2350 qu'am
838 2263 967 2345 vellem,
987 2286 1043 2353 spe
1067 2280 1132 2328 tre-

58 2370 174 2457 pidus,
189 2386 238 2449 et,
261 2369 287 2432 si
304 2368 376 2456 quis
397 2390 562 2455 unquam,
587 2366 736 2432 diffidens
754 2369 837 2448 mei,
855 2386 1059 2457 repraesento.
1067 2367 1131 2434 'Sic

58 2477 207 2564 profecto
226 2499 260 2539 se
276 2499 328 2539 res
345 2475 463 2540 babet:
483 2499 587 2562 quum
603 2477 748 2539 animum
762 2474 803 2539 ad
816 2475 873 2539 bas
886 2476 1130 2566 pretiosissimas

58 2584 244 2647 Latinarum
260 2583 427 2646 literarum
446 2581 597 2669 reliquias
615 2580 815 2646 exornandas
831 2583 978 2671 primitus
996 2581 1129 2664 adjecis-

58 2711 146 2768 sem,
172 2687 322 2753 secundae
343 2687 443 2777 magis
462 2687 684 2767 relaxationis,
704 2710 801 2774 quam
820 2687 994 2778 negotiosae
1011 2688 1128 2751 virium

58 2793 291 2874 contentionis,
311 2793 392 2856 mibi
410 2816 529 2856 munus
545 2792 728 2881 spondens,
747 2816 814 2856 non
833 2794 894 2857 nisi
918 2793 958 2858 de
981 2793 1129 2858 breviore

57 2897 293 2970 commentario
312 2895 517 2985 cogitabam:
535 2911 646 2984 postea
662 2911 785 2976 tamen,
810 2896 916 2983 operis
942 2895 1053 2959 limine
1076 2897 1129 2960 vix

56 3002 157 3083 inito,
176 3003 265 3066 hunc
283 3018 316 3065 et
333 3002 566 3089 amplissimum
582 3001 836 3090 philosophum,
857 3017 889 3064 et
906 3002 1128 3090 gravissimum

57 3125 204 3193 poetam,
231 3124 319 3171 tanta
346 3108 642 3172 commentitiarum
664 3107 844 3172 lectionum
867 3105 1009 3170 foeditate
1033 3106 1128 3171 deve·

57 3228 224 3275 nustatum
244 3211 462 3300 deprehendi,
491 3236 528 3276 ea
545 3212 719 3276 adulterini
744 3211 946 3277 scabitudine
968 3212 1128 3276 sermonis

58 3317 167 3378 multis
180 3315 220 3379 de
233 3317 335 3379 causis
347 3317 575 3398 incrustatum,
588 3335 626 3381 ut
635 3319 850 3398 occasionem,
859 3317 948 3382 haud
961 3317 1129 3380 instrenue

57 3419 264 3502 obeundam,
283 3420 340 3484 sed
355 3422 450 3509 plane
466 3420 687 3511 dignissimam
706 3423 785 3486 mihi
804 3422 931 3487 viderer
946 3439 1077 3504 nactus,
1094 3423 1127 3485 in

56 3551 155 3614 quam
189 3527 356 3590 facultates
390 3550 502 3591 omnes
537 3529 808 3616 qualescumque,
837 3546 908 3593 tum
936 3528 1128 3594 eruditionis

55 3649 127 3697 tum
144 3633 267 3723 ingenii
286 3635 367 3713 mei,
386 3632 620 3697 studiosissime
637 3635 847 3716 collocarem
871 3635 978 3700 nullos
1001 3635 1128 3700 labores

57 3739 270 3829 defugiendos
290 3763 375 3822 esse,
394 3739 516 3804 nullam
535 3763 601 3805 non
613 3741 752 3806 libenter
767 3740 965 3806 efferendam
982 3764 1051 3807 esse
1064 3742 1129 3806 sol·

55 3846 280 3927 licitudinem,
297 3870 426 3911 mecum
445 3863 608 3930 statuens,
623 3848 649 3911 si
667 3848 767 3912 modo
782 3849 907 3913 fructus
923 3847 1000 3912 inde
1014 3847 1129 3936 aliquis

54 3953 150 4018 bonis
167 3953 267 4017 literis
286 3954 370 4017 forte
388 3953 520 4018 fortuna
538 3955 710 4042 provenire
728 3970 847 4042 posset.
867 3954 1015 4019 Tandem
1031 3975 1128 4034 vero,

54 4083 90 4123 re
101 4059 259 4149 gradatim
272 4059 481 4148 procedente,
494 4085 531 4125 ac
543 4063 674 4126 materia
684 4085 717 4126 se
729 4061 838 4137 latius,
852 4076 890 4124 ut
901 4060 952 4136 fit,
964 4061 998 4123 in
1013 4080 1128 4124 omnes

54 4182 160 4253 partes
186 4166 369 4254 aperiente,
399 4189 474 4230 cum
504 4182 555 4231 tot
585 4168 749 4254 tantisque
776 4165 1021 4231 difficultatibus
1048 4163 1129 4226 mibi

55 4293 125 4335 esse
141 4270 395 4336 conflictandum
414 4271 495 4354 vidi,
513 4289 579 4336 tarn
597 4289 733 4361 propter
749 4272 912 4336 molestias
929 4271 1019 4359 operi
1038 4283 1129 4332 tanto

54 4379 220 4467 proprias,
232 4401 329 4467 quam
343 4379 598 4472 innumerabiles
610 4379 799 4443 adventitias
815 4401 852 4442 ex
869 4377 1032 4442 editorum
1042 4374 1132 4466 prio·
1164 4462 1167 4467 Ι

180 4509 202 4554 t.
892 4594 896 4599 .
1014 4474 1252 4625 tguflffiq
