2626 5228
144 494 168 517 δ’

387 883 497 952 vlra
523 884 583 952 ET
605 883 824 954 CARMINE.
1092 880 1137 955 25

70 1001 127 1069 bio
144 1004 323 1087 credimus,
342 1005 400 1094 qui
417 1006 603 1069 Lucretium
626 1004 736 1069 scribit
751 1026 839 1069 anno
858 1020 932 1092 post
947 1005 1137 1070 Terentium

69 1109 250 1175 Varronem
264 1127 380 1199 quarto
399 1128 431 1175 et
441 1111 612 1200 vigesimo,
622 1125 696 1197 post
710 1109 855 1174 Tullium
872 1111 1064 1175 Ciceronem
1078 1135 1138 1175 un·

70 1215 197 1282 decimo
223 1234 336 1282 uatum
354 1240 440 1300 esse,
466 1218 608 1282 fortassis
625 1240 644 1279 a
661 1233 756 1304 poeta
774 1214 942 1280 nulladum
959 1216 1007 1280 De
1022 1234 1138 1281 natura

68 1344 179 1386 rerum
195 1325 284 1390 litera
301 1341 368 1390 erat
387 1326 487 1406 lacta,
511 1347 615 1413 quuru
628 1324 732 1388 Varro
751 1345 828 1388 suos
842 1324 891 1388 De
902 1324 1013 1413 lingua
1025 1325 1137 1388 Latina

10 1487 12 1494 .
71 1428 172 1495 libros
188 1432 354 1497 absolutos
371 1432 412 1497 ad
425 1431 617 1497 Ciceronem
632 1431 790 1512 mitteret,
803 1446 861 1494 aut
876 1446 962 1495 certe
973 1428 1053 1494 illud
1066 1453 1137 1494 car·

68 1558 142 1600 men
162 1539 309 1603 noudum
336 1537 500 1628 prodierat
520 1540 554 1602 in
579 1540 686 1602 lucem
707 1553 740 1601 et
761 1537 802 1601 ad
823 1537 996 1601 hominum
1020 1559 1136 1602 manus

68 1661 266 1729 pervenerat.
285 1646 435 1734 Denique
448 1645 641 1727 Lambinus,
662 1668 699 1710 ac
712 1660 787 1732 post
803 1666 878 1709 eum
891 1643 1053 1724 Gifauius,
1065 1643 1136 1708 loca

67 1751 236 1836 complura
258 1753 481 1839 protulerunt,
499 1752 532 1815 in
557 1753 675 1840 quibus
697 1751 812 1815 Lucilii
838 1772 959 1815 nomen
981 1749 1083 1813 varias
1101 1764 1135 1814 et

66 1853 186 1919 similes
202 1857 399 1946 corruptelas
416 1861 548 1923 traxisse
565 1857 773 1922 manifestum
791 1871 849 1921 est.

111 1959 192 2042 Quae
209 1962 350 2029 rationes
366 1964 489 2028 etiamsi
505 1964 728 2028 testimouium
745 1962 843 2045 illud,
856 1961 1033 2026 a·Varr0ne
1050 1961 1135 2048 peti-

66 2079 153 2147 tum,
174 2089 240 2132 non
258 2067 428 2133 videantur
443 2068 573 2133 fallacie
591 2068 806 2133 convincere:
824 2084 932 2132 tamen
951 2067 985 2130 in
1000 2082 1134 2155 promtu

65 2173 217 2236 scutalia
240 2175 299 2238 tria
316 2191 525 2264 argumenta,
545 2198 637 2263 quoe,
661 2197 727 2238 non
749 2176 878 2264 plures,
901 2195 1000 2260 quam
1019 2195 1094 2253 sex,
1115 2194 1135 2236 a

63 2277 213 2343 Lucretio
238 2282 440 2370 conscriptos
464 2304 534 2346 esse
558 2283 606 2345 De
634 2304 743 2346 rerum
761 2297 875 2345 natura
892 2279 1013 2361 libros,
1037 2279 1135 2368 plane

10 2468 13 2475 Ι
64 2384 222 2450 evincant.
240 2386 285 2449 Ea
299 2403 488 2476 argumenta
501 2410 572 2474 quae
589 2386 671 2468 sint,
688 2385 804 2452 ordine
819 2385 1067 2450 recensebimus.

106 2592 132 2656 l.
158 2592 351 2660 Gravissima
366 2599 400 2661 in
418 2598 468 2662 bis
491 2599 607 2664 merito
630 2616 782 2664 censetur
801 2623 865 2664 vox
890 2600 992 2688 ipsius
1010 2615 1133 2687 poete,

63 2719 130 2759 non
141 2697 321 2786 loquentis,
333 2703 390 2768 sed
401 2705 584 2787 clamantis,
593 2705 815 2789 eumlibrurn,
827 2707 885 2794 qui
895 2708 1021 2795 primus
1035 2704 1135 2769 hodie

62 2802 250 2868 inscribitur
265 2823 299 2869 et
315 2808 506 2897 appellatur,
525 2833 592 2875 esse
610 2813 771 2899 primum,
789 2835 898 2900 neque
913 2812 971 2876 illo
992 2812 1133 2900 priorem

60 2905 178 2986 injuria
204 2913 361 3000 temporis
387 2913 597 2980 intercidisse.
621 2916 704 2980 Nam
726 2933 759 2982 et
780 2933 1011 3006 argumentum
1035 2917 1133 2996 hujus

60 3011 151 3094 libri,
174 3015 265 3103 quod
286 3035 335 3083 est
353 3019 394 3084 de
418 3021 584 3110 principiis
608 3045 667 3087 seu
688 3023 875 3111 primordiis
898 3046 1030 3104 rerum,
1058 3023 1133 3087 satis

59 3115 216 3202 declarat,
227 3122 435 3207 Lucretium,
449 3127 582 3214 Epicuri
597 3127 648 3191 sui
660 3126 841 3193 doctrinam
855 3144 887 3191 et
899 3127 1048 3192 ordinem
1057 3127 1132 3192 imi-

61 3237 184 3306 tatum,
199 3248 267 3289 uon
281 3227 423 3309 aliunde,
434 3253 531 3319 quam
548 3232 590 3296 ab
604 3232 669 3296 boc
684 3233 782 3315 libro,
793 3234 924 3297 initium
941 3233 1087 3314 duxisse3
1101 3247 1134 3298 et

59 3325 232 3393 confirmat
249 3331 282 3393 id
301 3333 462 3427 dedicatio
478 3337 629 3400 carminis
644 3338 844 3425 Venerisque
862 3337 1043 3418 invocatio,
1068 3359 1133 3425 qua

57 3447 174 3518 poeta,
191 3451 337 3499 veterum
356 3459 481 3502 morem
490 3440 587 3504 etiam
599 3463 674 3504 cum
688 3463 749 3505 suo
765 3441 909 3529 quodam
919 3440 1132 3507 incommodo

55 3539 357 3630 probabilitatisque
375 3543 572 3609 detrimento
585 3561 744 3633 sequutus
757 3595 765 3628 ,
780 3546 951 3611 exordium
969 3548 1076 3636 operis
1092 3548 1132 3611 il·

56 3642 261 3712 lustrandum
271 3652 396 3738 putavit
407 3676 416 3733 ;
429 3670 461 3717 et
472 3676 603 3718 omnem
615 3653 757 3742 denique
770 3655 880 3719 animo
891 3655 1129 3720 dubitationem

56 3751 168 3815 eximit
177 3753 259 3818 alius
271 3756 411 3821 Lucretii
431 3758 523 3822 locus
535 3757 593 3846 (1),
606 3760 640 3822 in
654 3782 721 3848 quo
733 3759 775 3823 ad
786 3760 906 3824 librum
917 3762 1018 3843 hunc,
1031 3784 1129 3849 quem

54 3856 198 3944 primum
218 3861 288 3949 ipse
305 3865 460 3951 appellat,
482 3864 616 3929 lectores
634 3882 837 3930 revocantur.
856 3867 909 3932 Ad
925 3868 1009 3931 hanc
1024 3884 1129 3955 poetoe

54 3965 280 4031 auctoritatem
300 3969 327 4032 si
343 3969 451 4033 Ovidii
464 3969 643 4057 (Tristium
656 3971 711 4036 lib.
725 3973 768 4054 ll,
785 3995 815 4037 v.
828 3972 904 4059 261)
916 3972 1128 4062 adjungamus
1150 4013 1157 4029 ι

53 4085 150 4157 atque
165 4071 318 4138 Prisciani
330 4074 468 4164 (lib.Vll
483 4077 516 4140 in
536 4076 760 4142 Grammaticis
776 4079 979 4143 Putschianis
997 4101 1029 4166 p.
1048 4077 1126 4165 73¹)

52 4173 141 4257 loca,
156 4178 213 4263 qui
226 4178 355 4245 initium
371 4181 521 4246 carminis
535 4180 640 4266 idem,
654 4181 745 4270 quod
761 4205 820 4247 nos
837 4183 950 4266 hodie,
965 4182 1127 4273 selegisse

88 4362 196 4428 (r)Lib.
208 4368 256 4427 Vl,
270 4385 295 4419 v.
310 4371 372 4432 937,
386 4372 560 4434 938:·Nunc
609 4375 690 4438 primo
710 4390 811 4438 qnoque
834 4376 941 4422 camrine
967 4375 1068 4420 claret».
1095 4373 1124 4420 lo

51 4459 138 4492 omnes
159 4456 266 4510 repetam
282 4465 354 4512 quam
376 4466 431 4499 raro
452 4467 560 4517 corpore
604 4452 688 4516 primo
713 4453 838 4512 cartulae,
853 4454 901 4500 hoc
926 4464 977 4505 est,
991 4453 1017 4498 in
1040 4452 1123 4514 primo

50 4523 101 4570 sint
130 4539 169 4572 res
200 4526 409 4588 commemorare,
440 4530 509 4595 quod
532 4531 559 4579 in
611 4531 751 4591 libr05ubi
770 4531 873 4581 videre.
888 4533 949 4591 330,
966 4533 1015 4594 347
1031 4547 1085 4594 sqq·
