2626 5228
204 379 253 453 36
371 449 376 456 ,
496 380 561 450 DE
583 378 624 450 Τ.
649 383 866 457 LUCRETII
889 390 999 460 CARI

204 503 308 585 tiant,
331 516 371 565 ut
386 500 554 566 erroribus
575 517 720 567 mentem
740 502 865 587 levent,
891 513 1146 605 pravitatemque
1163 517 1282 605 judicii

203 607 384 698 corrigant,
398 627 466 669 non
478 628 553 671 vera
567 629 637 671 etse
647 623 682 672 et
693 629 846 697 germana
859 629 1028 698 poemata,
1042 617 1163 682 evincit
1175 625 1282 708 pulen‘

203 714 310 797 notio,
332 736 431 802 quam
449 710 612 777 dominari
634 713 670 777 in
692 714 785 803 poesi
802 715 990 807 scimus(1).
1017 721 1177 788 Pulcrum
1202 751 1279 797 vero

203 824 321 888 emicat
336 842 433 909 supra
452 819 578 901 omnia,
598 842 671 907 quat
687 820 721 883 in
738 820 978 887 humanitatem
998 825 1136 909 cadunt,
1163 850 1278 922 estque

202 927 235 991 in
249 947 286 989 se
300 922 482 1013 perfectum
499 938 533 985 et
547 921 637 985 velut
650 923 783 986 interno
797 920 861 988 fine
877 923 1014 1013 pollens.
1031 928 1132 1012 Quod
1145 935 1209 999 etsi
1224 959 1278 1001 ne·

200 1028 397 1096 cessimdine
414 1024 556 1116 quadam
573 1027 765 1092 continetur
776 1050 853 1092 cum
867 1051 947 1094 vero
959 1046 994 1095 et
1006 1033 1117 1118 bono,
1141 1062 1217 1126 quae
1235 1041 1275 1106 ad

198 1153 370 1202 externum
382 1133 463 1223 quid
479 1151 513 1199 et
529 1134 673 1198 alienum
686 1130 846 1218 tendunt,
859 1150 969 1200 tamen
984 1160 1022 1203 ea
1037 1144 1191 1232 cognatio
1209 1170 1273 1213 non

198 1242 340 1332 pertinet
350 1240 413 1305 nisi
426 1237 468 1303 ad
482 1239 622 1303 formam
630 1284 642 1320 ,
651 1260 751 1326 quarn
762 1238 797 1302 in
804 1254 875 1304 arte
885 1240 1035 1309 dicimus.
1045 1245 1080 1309 Si
1090 1249 1165 1335 quis
1176 1250 1273 1342 igitur

196 1365 294 1439 poeta
306 1349 339 1412 in
350 1342 581 1435 componendo
595 1343 740 1408 carmine
752 1343 788 1409 id
797 1361 947 1435 spectat,
961 1349 1054 1437 quod
1067 1369 1157 1419 extra
1170 1380 1207 1422 se
1219 1382 1273 1447 po·

196 1455 297 1521 situm
308 1469 369 1535 eat,
380 1473 446 1517 non
459 1449 551 1540 quod
564 1450 598 1514 in
610 1472 645 1514 sc
657 1451 840 1540 perfectum
851 1452 1106 1547 absolutumque
1117 1461 1151 1525 in
1163 1466 1271 1531 animo

196 1563 270 1653 ipso
291 1562 418 1626 fontem
436 1573 471 1622 et
489 1555 588 1622 linem
613 1556 728 1635 babet,
748 1558 814 1622 hoo
836 1576 901 1643 est,
926 1560 1012 1626 siad
1027 1562 1154 1632 bonum
1176 1572 1272 1638 refert

44 1723 49 1729 .
196 1690 297 1735 omne
312 1664 464 1731 carminis
481 1663 532 1727 sui
547 1662 741 1745 consilium,
759 1687 868 1754 neque
895 1667 1036 1755 pectoris
1053 1692 1146 1737 sensa
1173 1693 1207 1740 et
1224 1677 1270 1741 ai·

196 1773 373 1853 lectiones,
386 1770 444 1836 sed
460 1769 586 1860 ingenii
602 1770 737 1835 inventa
749 1786 783 1835 et
798 1771 939 1862 cogitata
957 1778 1133 1863 expromit3
1152 1802 1203 1846 nae
1219 1783 1271 1849 ille

195 1879 320 1947 recedit
350 1902 371 1943 a
394 1900 549 1968 germana
578 1876 691 1966 poesi,
721 1875 780 1942 sed
804 1892 896 1942 tanto
922 1883 1107 1949 excusatius
1131 1888 1270 1974 recedit,

195 2001 321 2076 quanto
336 1981 517 2049 studiosius
529 1985 639 2063 o'urat,
661 1997 698 2046 ut
714 2004 865 2066 cutmen,
888 1981 1030 2050 doeendi
1051 2011 1165 2056 caussa
1191 2017 1270 2061 con·

173 2102 176 2107 '
196 2091 336 2173 lectum,
350 2089 459 2178 aliqua
473 2087 578 2177 pulcri
601 2086 707 2152 forma
722 2086 889 2153 induatur.
907 2087 1020 2171 Quum
1040 2094 1129 2159 enim
1145 2097 1182 2162 in
1200 2099 1270 2187 ipae

194 2212 390 2289 argumento
410 2211 468 2260 aut
484 2192 576 2258 nulla
590 2192 633 2258 sit
650 2209 708 2258 aut
726 2194 900 2284 perexigua
919 2192 968 2257 ris
982 2193 1026 2258 ad
1047 2198 1196 2265 animum
1213 2228 1271 2270 ro·

195 2306 321 2394 luptate
344 2299 485 2391 quadam
510 2297 794 2390 perfundendum
819 2299 971 2390 voluptas
997 2299 1052 2365 illa
1077 2326 1172 2392 paene
1203 2325 1271 2374 tota

193 2409 335 2502 petenda
346 2423 426 2474 etta
445 2407 640 2472 tractatione
655 2421 689 2470 et
704 2420 843 2490 ornatu,
859 2406 977 2496 inquo
993 2423 1061 2475 tam
1074 2410 1193 2478 sedulo
1208 2415 1271 2480 ela·

194 2519 314 2587 horare
332 2530 464 2606 poetam
489 2529 639 2603 oportet,
664 2528 702 2577 ut
721 2535 884 2578 summam
913 2517 1068 2583 carminis
1090 2516 1153 2583 bac
1177 2520 1211 2585 in
1237 2546 1270 2588 re

195 2625 406 2715 posuisse,et
415 2617 504 2685 velut
514 2617 642 2708 magico
653 2615 791 2682 artificio
802 2618 946 2686 allexisse
955 2622 1130 2688 bominum
1142 2626 1269 2694 animos

195 2730 237 2796 ad
250 2723 540 2816 contemplandum
551 2720 700 2788 rideatur
711 2722 771 2812 (a)
788 2723 867 2807 Quo
878 2743 975 2814 pcto
989 2728 1135 2814 carebit,
1145 2753 1191 2796 ne
1205 2755 1270 2799 can

195 2862 272 2905 meu
294 2858 392 2902 suum
412 2831 530 2899 autad
548 2831 807 2921 preceptionem
823 2832 1044 2918 jejunitatem,
1063 2859 1137 2926 quaa
1155 2862 1268 2930 expers

194 2964 245 3013 est
261 2943 370 3010 omnis
383 2939 625 3022 delectationis,
640 2939 751 3028 inepte
770 2937 950 3023 delabatur,
962 2958 1021 3008 aut
1037 2943 1073 3007 in
1089 2966 1181 3010 mera
1195 2970 1270 3014 con·

194 3052 286 3119 sistat
297 3071 411 3115 rerum
426 3046 662 3136 descriptione,
677 3069 743 3135 qua
757 3061 883 3112 montet
897 3045 1077 3137 legentium
1092 3052 1268 3140 capiuntur

191 3152 411 3247 aliquamdiu,
435 3174 499 3217 nec
519 3174 600 3218 vero
620 3172 699 3217 cum
722 3151 891 3241 voluptate
912 3154 1126 3221 retinentur:
1149 3157 1268 3226 efficiet

194 3285 314 3355 porro,
340 3276 447 3326 utres
466 3258 577 3341 serias,
598 3257 675 3347 quia
692 3257 824 3323 suarim
842 3258 1082 3326 adumbrantur
1100 3263 1267 3355 politaque

193 3386 227 3436 et
241 3367 381 3460 eleganti
395 3364 544 3431 oratione
559 3365 785 3453 proteruntur,
798 3384 963 3430 converse
980 3365 1155 3435 deleantur
1168 3371 1204 3436 in
1222 3372 1267 3437 ln.

191 3499 288 3559 sum,
299 3473 357 3565 qui
367 3472 473 3564 pulcri
489 3470 626 3536 omniuo
639 3469 792 3561 proprius
805 3486 874 3554 est,
886 3470 1077 3564 faciliusque
1089 3474 1123 3540 in
1137 3478 1265 3544 animos

225 3641 704 3714 (rtuauqnumqum
751 3641 1265 3699 unuh-ommonem

188 3718 704 3791 ,onusta-mmm
752 3719 1264 3792 mmmmm-„u

190 3798 704 3863 mflflbfliflflhm(m·
750 3800 933 3869 urst-'ffl-

187 3874 711 3948 fflssgkoessmlfimflf
785 3873 1263 3946 fflffiplfflthedmfit

189 3958 704 4027 &amon-ammte
749 3960 1263 4028 marquart-rma

186 4037 703 4109 11,ιφς)ιαῑομφαιι,ἣῲ
749 4036 1031 4105 ammonete..
