2626 5228
10 25 1248 383 u

458 853 707 922 PRAEFATIO.
1084 849 1127 920 13

56 973 97 1038 ad
114 972 265 1062 paginam
284 972 562 1063 quadragesimam
582 974 651 1060 (tib.
665 975 697 1055 1,
720 994 767 1036 vs.
795 970 871 1058 150)
889 973 1042 1037 volumen
1063 974 1129 1037 hoc

56 1102 261 1168 progressum
281 1096 340 1161 est,
358 1103 455 1168 quam
473 1080 564 1145 hicce
581 1080 663 1143 liber
682 1079 761 1142 mihi
779 1080 811 1141 in
830 1101 944 1143 manus
963 1078 1097 1142 venerit.

104 1182 195 1250 Cant.
210 1184 271 1266 (vel
286 1186 326 1274 ss)
343 1186 615 1275 Cantabrigiensis
633 1185 715 1249 liber
734 1173 791 1248 est.

100 1291 183 1355 Mur.
203 1292 241 1357 B.
265 1315 293 1374 1,
308 1315 346 1374 a,
367 1292 385 1356 3
407 1290 471 1379 (vel
487 1302 524 1372 Δ,
541 1301 582 1372 Π,
595 1293 650 1379 Σ),
670 1289 797 1354 codices
815 1290 920 1355 Musei
938 1289 1127 1370 Britannici,

54 1395 96 1460 ad
115 1396 264 1460 ordinem
283 1398 480 1462 recensionis
498 1412 636 1480 nostrae,
653 1418 752 1484 super
769 1396 830 1461 illis
844 1396 981 1476 habitae,
998 1396 1032 1458 in
1050 1417 1128 1483 prae·

54 1500 260 1566 cedentibus.

99 1607 200 1670 Valde
223 1608 364 1672 laboravi
383 1610 416 1671 in
434 1608 666 1696 orthographia
682 1623 787 1671 textus
808 1606 990 1671 Lucretiani
1005 1606 1127 1670 cousti-

53 1711 193 1794 tuenda;
207 1730 245 1776 ut
256 1715 415 1797 ἀρχαιοπινῆ
434 1713 573 1778 nitorem
590 1713 699 1796 illum,
717 1738 754 1777 ac
772 1711 890 1777 florem
904 1710 1127 1802 ferrugineum

54 1817 246 1881 venerandae
260 1818 436 1897 vetustatis,
447 1819 643 1906 importunis
656 1835 877 1883 correctorum
893 1818 1042 1881 manibus
1055 1839 1126 1906 pas-

54 1923 115 1985 sim
134 1922 316 2004 detersum,
331 1924 365 1986 in
383 1937 542 2012 quantum
560 1947 635 1988 sana
650 1924 934 2012 grammaticorum
946 1923 1126 2011 priscorum

50 2028 171 2115 judicia
184 2046 216 2093 et
232 2027 371 2094 subinde
383 2031 534 2095 codicum
548 2030 722 2094 auctoritas
739 2031 1004 2118 suffragarentur,
1020 2026 1129 2091 redac-

55 2133 238 2199 cenderem.
258 2136 321 2198 Res
338 2135 407 2198 baec
433 2151 500 2200 erat
522 2134 746 2199 ostentationis
769 2134 902 2222 quidem
925 2157 1046 2222 parrae,
1068 2131 1126 2196 sed

55 2264 212 2330 perquam
233 2265 432 2323 aerumnosa,
450 2260 483 2306 et
500 2242 609 2314 multae
627 2240 801 2330 diligentiae
814 2237 862 2306 ‘ac
887 2238 1072 2321 industriae,
1090 2254 1128 2303 ut

55 2348 196 2412 rationes
213 2349 282 2428 ejus
296 2348 337 2412 ad
350 2348 510 2437 liquidum
527 2348 802 2437 perducerentur,
818 2364 851 2412 et
868 2347 978 2435 aliquo
994 2345 1126 2411 tandem

56 2451 155 2517 modo
172 2436 359 2519 constarent
374 2455 435 2519 sibi
451 2478 459 2518 :
476 2453 533 2518 sed
552 2453 620 2518 haec
637 2453 802 2543 diligentia
819 2469 852 2518 et
867 2451 1047 2532 industria,
1067 2451 1127 2514 nisi

55 2559 160 2624 simile
173 2563 341 2650 negotium
356 2561 586 2650 fungentibus,
599 2584 667 2624 non
679 2560 915 2649 comparebunt
926 2575 1045 2622 tamen.
1063 2557 1128 2621 Pro

56 2662 166 2728 officio
182 2666 337 2729 nimirum
361 2667 462 2731 habui
483 2665 618 2730 multam
638 2682 670 2729 et
686 2667 843 2755 ingratam
868 2687 999 2752 operam
1018 2665 1051 2726 in
1069 2664 1129 2727 bac

57 2793 92 2833 re
109 2792 254 2858 ponere;
273 2771 348 2852 sed,
367 2773 463 2835 tantis
481 2771 623 2834 tenebris
638 2771 707 2835 haec
723 2787 791 2835 tota
807 2771 887 2834 ratio
902 2770 1044 2833 involuta
1062 2786 1128 2850 est,

56 2890 94 2938 ut
106 2875 216 2940 malim
232 2877 362 2940 lectoris
379 2876 420 2941 ad
436 2875 672 2965 indulgentiam
692 2877 886 2966 confugere,
903 2898 1003 2963 quam
1018 2897 1130 2939 censu-

56 3002 124 3043 ram
144 3004 330 3069 provocare.
348 2982 485 3065 Quoties
502 2983 552 3046 fax
566 2982 724 3046 librorum
740 2983 936 3070 scriptorum
954 2980 1035 3044 mihi
1052 3002 1129 3067 prae-

55 3087 197 3167 luceret,
213 3088 246 3151 in
263 3087 414 3177 plurimis
430 3087 518 3153 haud
536 3087 725 3153 dubitabam
739 3089 830 3177 sequi
845 3085 922 3152 :sed
938 3086 1038 3150 multa
1051 3101 1129 3149 sunt

56 3190 163 3256 adhuc
180 3194 341 3259 inhaere
359 3197 476 3260 rectius
495 3194 742 3278 constituenda,
757 3193 932 3282 dequibus
948 3216 1022 3257 meo
1039 3189 1128 3271 judi·

57 3295 109 3359 cio
128 3318 243 3361 manus
259 3297 381 3386 trepida
406 3304 471 3363 non
490 3323 567 3364 ausa
590 3317 639 3365 est
654 3298 887 3364 obsecundare.
916 3299 1031 3381 Quum
1052 3318 1129 3361 vero

56 3403 250 3466 sententiam
268 3427 372 3468 meam
395 3406 429 3469 in
447 3407 686 3471 commentariis
712 3405 889 3493 superbae
911 3403 1131 3492 disputatione

56 3532 279 3597 saepenumero
290 3511 559 3600 interposuerim,
577 3535 643 3576 non
658 3534 788 3577 necesse
802 3526 865 3593 est,
877 3526 914 3574 ut
926 3510 960 3573 iu
977 3510 1040 3574 hoc
1055 3510 1129 3573 loco

55 3630 185 3703 tempus
204 3630 324 3697 teram3
348 3616 457 3704 itaque
471 3616 513 3680 ad
532 3617 593 3682 alia
610 3641 661 3682 me
685 3617 893 3698 transferam,
913 3640 1016 3705 quum
1035 3632 1066 3680 te
1088 3613 1129 3679 ad

55 3721 209 3785 Vossium
226 3721 481 3806 demandarem,
502 3722 542 3788 de
560 3724 623 3788 hoc
641 3723 882 3814 orthographiae
899 3723 1031 3812 negotio
1050 3724 1129 3787 scite

55 3841 264 3908 statuentem,
276 3826 309 3890 in
322 3828 389 3892 Art.
398 3830 568 3916 gramml,
579 3829 634 3910 43,
643 3828 712 3894 init.
726 3845 833 3916 atque,
842 3844 940 3916 prout
948 3828 1128 3915 ingenuum

54 3931 160 3995 virum
180 3930 288 4013 decet,
300 3955 552 4014 commonuero,
569 3957 668 3998 unam
681 3950 713 3997 et
727 3934 859 3998 alteram
871 3932 1047 3997 dictionem
1060 3954 1129 4021 esse

55 4038 221 4125 inprimis
246 4037 381 4126 plagulis
403 4038 510 4114 aliter,
528 4056 625 4128 atque
650 4041 683 4103 in
710 4040 936 4127 sequentibus,
964 4039 1129 4102 memoriae

54 4143 152 4226 vitio,
173 4161 350 4227 exaratam3
374 4146 519 4232 quamvis
538 4145 698 4210 secundas
715 4163 822 4234 partes
838 4160 945 4233 ageret
962 4141 1129 4232 impendio

54 4249 186 4313 viriliter
197 4249 391 4338 perdiligens
405 4252 570 4339 inspector
583 4274 755 4339 operarum
767 4277 775 4334 3
791 4250 884 4330 cujus
901 4248 1042 4312 acumini
1061 4270 1128 4310 non

53 4354 180 4442 paginae
194 4353 412 4437 solummodo,
426 4354 483 4418 sed
495 4355 788 4419 commentationes
801 4377 891 4435 meae,
908 4351 1127 4439 tempestivam

54 4459 224 4548 aliquoties
245 4461 511 4550 expurgationem
530 4460 660 4527 debent.
683 4461 771 4527 Nihil
796 4476 905 4524 autem
923 4455 1130 4522 dissimulan·
1144 4510 1248 4751 ff
