2626 5228
183 364 207 413 x
513 334 645 415 NOVl
674 332 925 413 EDITORIS

283 496 458 555 Camillcum
476 494 588 553 rabiem
606 495 752 554 dominari
766 496 886 575 impune
900 494 1021 555 videbat

281 610 459 689 llactariquc
475 608 585 685 bonos,
597 622 667 669 tunc
681 610 803 670 numina
816 609 937 671 eredere
953 610 1035 673 nulla

282 725 442 799 maluerat,
456 745 545 804 quam
560 745 618 785 non
627 725 706 805 justu
722 740 773 786 aut
785 728 886 805 ignare
901 726 1065 801 Quiritum.

283 841 340 901 Sed
355 841 476 900 summis
489 861 600 900 errasse
618 862 678 901 suae
692 862 759 901 cum
776 841 889 901 civibus
904 842 1001 918 urbis,

282 954 499 1033 Contempsisse
515 953 586 1012 deos
602 967 632 1013 et
646 955 757 1033 templa
774 955 905 1014 tonantia
919 955 1001 1027 cir-li,

281 1068 405 1127 Poenitet
421 1090 428 1125 ε
443 1069 558 1128 insanas
571 1089 648 1128 niruc
663 1069 728 1147 ipse
743 1068 897 1128 Lucretius
912 1080 1006 1141 artes,

282 1184 417 1241 insanam
435 1193 561 1241 mentem
579 1182 695 1260 ejurat:
711 1202 799 1261 quam
814 1181 906 1241 nollet
919 1182 1050 1261 Olympo

280 1300 447 1359 Detrusisse
460 1304 563 1358 lovem
578 1302 584 1356 !
598 1320 676 1358 nunc
691 1319 753 1359 sese
767 1299 886 1358 damnat
899 1310 929 1358 et
944 1298 1024 1372 odit,

278 1412 339 1484 Qui
353 1411 455 1471 sceleri
469 1406 600 1490 prunerii,
614 1412 727 1472 miseris
741 1413 858 1485 solatia,
874 1432 972 1491 regem

278 1524 424 1604 Regibus,
438 1527 537 1586 aeterni
552 1526 663 1585 mundo
679 1528 802 1587 rectoris
816 1524 966 1599 habenas,

279 1648 318 1705 Et
334 1641 420 1699 morti
434 1641 502 1699 vitae
515 1660 581 1719 spes
595 1641 768 1699 immortalis
786 1641 954 1701 ademit.....

280 1752 401 1813 Arbiter
414 1766 444 1813 et
456 1766 589 1814 veterum
600 1752 709 1832 judex,
726 1774 763 1813 ne
779 1754 872 1832 dejice
885 1754 994 1826 Pindo,

280 1874 376 1943 Quem
390 1873 492 1945 Mun,
509 1888 595 1949 quem
611 1869 732 1929 Flaccus
747 1882 842 1929 vetem
856 1888 1004 1949 agnovere
1016 1868 1213 1949 magistr-nm.

233 2145 337 2223 Hinc
353 2145 470 2242 mihi,
485 2144 597 2253 quasi
612 2142 856 2223 haereditatis
869 2144 982 2253 jure,
999 2145 1269 2231 incumbebat

180 2284 366 2391 religiosa
385 2282 570 2393 quaedam
598 2284 829 2364 Lucretium
854 2282 999 2363 edendi
1021 2290 1268 2389 necessitas,

183 2442 228 2505 ut
246 2444 341 2505 tunc
358 2424 519 2506 demum
538 2424 784 2505 Bibliotheca
800 2426 973 2506 classica
991 2426 1126 2507 latina
1142 2432 1270 2537 plene

183 2568 471 2649 absolveretur.

231 2710 396 2791 Minime
429 2709 570 2817 utique
598 2706 734 2789 decuit
766 2737 816 2788 ex
842 2709 922 2790 hoc
949 2709 1095 2817 linguae
1123 2710 1270 2797 latine

178 2867 439 2932 monumento
458 2877 625 2958 prorsus
642 2848 780 2929 abesse
797 2877 961 2949 nomen,
977 2846 1088 2961 quod
1104 2850 1150 2931 in
1168 2882 1272 2963 por-

180 2994 283 3073 ticus
315 2991 449 3071 fronte
480 2990 646 3069 inscribi
673 2989 868 3070 debuerat
897 3022 906 3069 :
935 2992 1099 3071 minime
1123 2992 1269 3079 decuit

179 3160 378 3213 summum
395 3148 555 3240 poetam
575 3146 688 3209 tanto
705 3132 836 3239 magis
852 3132 957 3212 inter
977 3133 1075 3213 alios
1086 3140 1269 3241 presul·

176 3304 289 3383 gere,
319 3275 430 3383 quod
456 3303 536 3353 non
558 3274 765 3353 eiceretur.
800 3274 1007 3383 Numquid
1037 3276 1144 3355 enim
1176 3282 1268 3361 sine

178 3417 338 3526 piaculo
357 3416 488 3495 omitti
521 3416 657 3523 potuit
685 3416 747 3493 vir
774 3415 858 3514 ille,
877 3418 948 3523 qui
974 3419 1127 3525 prinms
1151 3418 1267 3502 inter

178 3561 381 3638 Romanos
409 3558 612 3637 Musarum
640 3557 799 3638 laudem
828 3559 872 3637 in
901 3576 1058 3638 tantum
1090 3564 1264 3655 extulit.

178 3705 332 3812 primus
368 3702 572 3780 materiam
605 3699 832 3796 difficilem,
864 3717 904 3780 et
927 3700 1050 3781 aridis
1080 3702 1265 3787 scientim

177 3843 422 3951 argumentis
440 3840 650 3939 refertam,
667 3838 861 3923 ditissime
876 3842 1059 3949 leporum
1074 3845 1260 3927 omnium

177 4003 308 4093 segete
326 3985 503 4081 ornavit3
524 3986 696 4091 primus,
717 3986 791 4063 etsi
810 3984 994 4093 ‹puaedem
1014 3986 1134 4064 nimis
1153 3988 1261 4073 dure
