2626 5228
326 422 340 433 ,ι

168 437 170 440 >
736 436 741 444 ι

464 841 716 916 PRAEFATIO.
1081 862 1118 911 ιι

55 964 133 1030 huic
146 965 295 1055 nugatori
299 971 311 1047 ,'
327 962 420 1054 quod
431 970 515 1031 vitto
530 966 665 1048 hujusce
679 963 800 1031 codicis
816 964 996 1049 notaverit3
1019 984 1124 1052 quum

55 1073 217 1162 genuinas.
237 1073 375 1140 oliorum
400 1071 561 1140 librorum
584 1074 760 1156 lectiones,
786 1088 884 1162 atque
908 1070 1125 1139 hauddubie

56 1179 280 1257 Lucretiam,
299 1178 491 1270 snpiuscule
515 1177 719 1246 confirment
739 1179 893 1260 Utinam,
910 1175 1125 1260 mco-(epioni

54 1305 189 1351 somnus
205 1283 281 1362 tibi,
298 1301 395 1351 tuum
414 1306 536 1350 munus
554 1283 760 1373 exsequenti,
773 1307 842 1353 non
859 1277 1030 1369 aliquoties
1044 1272 1124 1337 sub-

55 1389 224 1476 repsisset3
260 1411 322 1455 uec
359 1388 596 1456 commentitias
624 1388 844 1459 recentiorum
870 1382 1125 1454 emendatorum
1209 1433 1212 1439 -

55 1492 273 1561 divinationes·
298 1496 372 1562 loco
399 1500 552 1563 uitiorum
573 1493 712 1576 eodem,
743 1494 778 1559 in
803 1505 958 1564 contextu
986 1484 1127 1579 nimimn

55 1602 194 1667 nimium
215 1603 425 1694 negligenter,
447 1604 496 1668 uti
512 1602 721 1668 vehementer
736 1601 895 1691 suspieor,
919 1595 1123 1685 reliquisses:

56 1708 148 1796 quod
158 1731 236 1775 sane
249 1727 282 1775 te
292 1709 432 1775 subinde
448 1709 580 1798 quidem
590 1759 600 1793 ,
609 1711 757 1799 quamvis
768 1707 958 1775 inconsulto·
968 1701 1123 1778 forsitan,

54 1813 189 1897 fecisse,
208 1816 289 1881 mihi
313 1832 362 1882 est
375 1817 410 1881 in
432 1816 580 1883 omniurn
602 1817 699 1905 longe
715 1811 976 1905 persuasissimis.
989 1807 1124 1876 «Unum

55 1919 121 1987 hoc
137 1943 293 2005 maceror,
305 1937 337 1987 et
351 1920 448 1988 doleo
461 1923 541 2006 tibi,
559 1923 693 2007 Catule,
710 1921 833 1988 deesse.
844 1950 859 1979 ι

97 2025 191 2092 Idem
211 2026 319 2093 editor
329 2051 401 2093 non
417 2029 579 2095 estetiam
593 2027 787 2120 dedignatus
800 2025 984 2093 adscribere
1001 2016 1124 2088 codicis

55 2134 186 2201 alterius
209 2139 310 2216 mim,
339 2151 513 2226 nugatores
533 2135 661 2201 criticen
690 2158 730 2201 ex
752 2132 939 2228 abundante
965 2124 1126 2197 demereri

54 2239 204 2328 cupidus.
222 2241 321 2306 llicce
336 2243 451 2324 codex,
467 2243 502 2307 in
518 2241 630 2309 eadem
646 2241 845 2307 bibliotheca
852 2237 1032 2327 repositus,
1045 2253 1127 2298 conv

54 2346 137 2411 tinet
151 2347 352 2436 :fragmenta
373 2348 517 2414 Lucretii
537 2371 576 2422 ex
594 2349 685 2414 libris
699 2350 748 2433 11,
768 2349 819 2413 111
841 2361 874 2412 et
885 2345 947 2426 vl,
967 2363 1045 2407 ars.
1061 2335 1126 2427 743

55 2475 161 2540 usqne
172 2451 214 2517 ad
222 2453 338 2536 finem,
349 2469 383 2519 et
396 2455 431 2521 in
444 2456 605 2546 principio
619 2455 727 2522 sectili
738 2477 793 2520 xrr
802 2467 952 2519 exaratus
967 2446 1126 2516 videtur».

96 2560 135 2622 lu
159 2559 251 2623 brevi
272 2561 389 2626 notitia
411 2561 550 2626 literaria
573 2561 614 2625 de
633 2561 728 2627 variis
751 2559 948 2625 editionibus
969 2549 1127 2632 Lucretii,

57 2651 155 2751 quem
188 2667 353 2755 professor
383 2667 453 2749 ille,
484 2667 605 2733 deliciae
632 2683 854 2757 nugatorum,
877 2687 944 2730 sues
960 2657 1127 2750 praefixit,

55 2770 182 2836 mentio
207 2772 290 2839 facta
313 2789 363 2838 est
379 2774 568 2863 exemplaris
589 2775 623 2837 in
642 2773 839 2838 bibliotheca
860 2763 1128 2841 vindobonensi,
1165 2773 1168 2777 ⁴
1216 2752 1224 2771 ⁸

55 2872 200 2942 Venetiis
222 2876 371 2967 impressi
398 2902 458 2970 per
479 2879 691 2946 Theodorum
715 2878 757 2945 de
776 2876 1018 2968 haganonibirs,
1039 2891 1127 2936 enno

54 3001 294 3067 stocecnxxxxv,
306 3007 405 3074 quam
420 2984 597 3051 editionem
609 2984 760 3075 equidem
774 3006 945 3073 nunquam
960 2979 1028 3046 vidi
1043 3001 1051 3044 :
1070 2973 1127 3043 sed

57 3108 96 3151 eo
115 3089 224 3155 minus
243 3090 309 3155 hoc
330 3092 549 3156 infortunium
569 3091 750 3158 dolendum
770 3107 836 3173 est,
864 3087 955 3178 quod
978 3105 1127 3175 expresso
1163 3114 1166 3123 ·

57 3193 99 3255 sit
124 3192 166 3258 ad
187 3193 365 3262 editionem
385 3198 630 3281 Veronensem,
654 3197 764 3278 judice
785 3195 971 3287 professore
994 3204 1128 3270 uostr03

58 3317 162 3383 quum
185 3301 316 3365 arnultis
333 3303 367 3367 in
395 3303 490 3387 locis,
512 3319 611 3392 atque
634 3302 717 3369 adeo
743 3303 779 3366 in
806 3302 949 3380 lacunis,
974 3319 1051 3364 cum
1074 3292 1128 3359 illa

57 3420 170 3468 exacte
188 3406 392 3471 conveniet».

101 3513 170 3575 Jarn
188 3535 284 3596 vero,
303 3537 371 3603 quo
387 3515 503 3581 melius
518 3537 723 3600 careremus,
741 3539 783 3581 ne
801 3516 902 3582 moles
923 3512 1046 3578 inutilis
1064 3510 1130 3577 edi·

57 3616 137 3682 tioni
148 3635 265 3685 nostrae
274 3642 313 3685 ex
321 3621 452 3710 prolixis
463 3622 712 3712 repetitionibus
721 3637 930 3704 accresceret,
941 3637 974 3685 et
984 3618 1127 3708 pretium

57 3724 177 3810 pariter
191 3726 434 3811 incenderetur3
447 3727 550 3793 'libros
572 3730 662 3813 illos,
680 3729 736 3818 qui
751 3728 958 3794 varietatibus
973 3725 1126 3792 codicum

55 3829 134 3895 Mes.
147 3831 211 3896 siut
221 3835 388 3916 instructi,
398 3850 433 3899 et
444 3835 533 3924 ipsos
543 3832 671 3900 codices
681 3850 835 3900 tractatos
850 3833 961 3918 nobis,
973 3854 1128 3921 compen·

58 3931 166 4001 diariis
187 3938 427 4004 characteribus
449 3939 676 4029 significandos
698 3962 768 4006 esse
790 3939 943 4006 duximus
960 3961 968 4004 :
984 3960 1128 4028 quorum

58 4064 146 4109 nunc
164 4045 197 4108 in
213 4045 329 4111 ordine
344 4048 428 4111 rotie
446 4045 613 4113 reddenda
628 4063 704 4113 est·
908 4046 911 4052 ’

108 4150 149 4214 V.
161 4149 212 4216 ed.
232 4150 330 4216 literae
343 4150 513 4243 designent
527 4153 704 4218 editionem
718 4152 805 4218 illam
821 4152 1064 4233 veronensem,
1083 4147 1127 4214 de

59 4277 123 4342 qua
142 4257 258 4340 modo,
275 4276 358 4346 quot
372 4259 545 4324 habuerim
562 4258 717 4343 dicende,
734 4259 809 4323 dixi.

103 4361 195 4426 Bodl.
214 4362 360 4454 designat
378 4365 524 4430 codicem
539 4365 750 4433 bodleinnum
769 4365 905 4447 Oxonii,
925 4363 1017 4442 cujus
1036 4383 1129 4426 eccu-

59 4482 158 4533 ratam
181 4484 279 4560 etque
297 4493 414 4536 novam
439 4472 643 4560 collationem
667 4466 702 4538 se
726 4488 857 4538 nactum
885 4490 953 4534 esse
971 4467 1130 4558 gloriatur
1174 4522 1195 4561 r·

1009 4733 1015 4747 ·
1118 4542 1240 4925 f
