2656 4794
128 409 169 478 ill
374 408 664 477 WAKEFIEtJtt
685 406 932 477 PRAEFATIO.

122 531 225 620 psisse
240 553 247 595 :
265 530 390 616 «Aqua
403 528 553 616 bipartita
566 528 734 609 divisione,
747 528 929 591 kenenus
939 546 1074 592 suerunt
1093 528 1198 591 unius

122 654 156 702 et
170 635 282 725 viginti
301 634 459 697 librorum
476 633 605 698 initium
625 633 802 696 fecithoc:
819 631 962 696 AEtlten'a
977 649 1009 697 et
1025 649 1120 697 terrae
1139 651 1196 721 ge·

122 742 256 806 nitabile
271 761 414 827 quaerere
430 756 588 827 tempus».
600 739 633 803 Si
650 761 746 802 sanus
757 738 797 801 sit
811 738 865 802 bic
878 740 1077 826 grammatici
1090 740 1197 820 locus,

123 870 184 913 nee
209 846 335 910 nomini
359 845 492 934 proprio
510 845 678 933 scripture
695 844 811 909 ritiurn
828 844 983 927 insideat3
1011 867 1075 933 qua
1093 866 1195 926 voce,

119 977 190 1043 'quo
216 952 313 1034 fletu,
341 967 469 1016 tantum
489 951 656 1015 literarum
679 951 919 1033 infortunium,
942 953 1039 1016 nullis
1068 952 1194 1017 artibus

122 1060 325 1138 medicabile,
343 1058 548 1146 lugebimus?
572 1060 736 1147 Tempus!
764 1074 905 1122 vastator
928 1059 1102 1139 omnium,
1135 1059 1192 1122 tibi

121 1166 268 1257 profecto
285 1166 374 1245 felix,
399 1164 536 1227 nimium
556 1164 652 1247 felix,
680 1165 768 1229 visus
791 1180 840 1228 est
860 1164 1029 1229 Musarum
1056 1165 1193 1246 chorus,

122 1273 192 1336 haec
215 1271 240 1334 si
264 1269 351 1334 dona
370 1270 500 1358 propria
520 1270 673 1352 fuissent3
698 1293 774 1334 nam
793 1270 980 1334 Lucretium
998 1293 1126 1350 meum,
1145 1272 1191 1334 vel

68 1453 72 1458 ¹
122 1376 245 1467 ingenii
261 1375 402 1456 viribus,
420 1375 471 1439 vel
486 1374 829 1465 elegantiadoctrinae,
846 1375 947 1441 cuivis
960 1392 1108 1441 veterum
1125 1376 1191 1440 for·

121 1483 198 1549 titer
214 1483 423 1571 opposuerim
438 1503 445 1545 ε

525 1615 581 1679 quit
596 1625 633 1663 est
646 1614 770 1663 crudelior
783 1617 810 1663 in
823 1632 869 1664 uos

316 1702 352 1750 Te
363 1700 451 1749 Deus?
463 1697 499 1750 Ut
515 1718 612 1767 semper
626 1701 716 1767 gaudes
729 1701 832 1752 illudere
846 1704 918 1753 rebus

315 1792 436 1840 Humanis
444 1792 450 1838 l

123 1928 288 2016 Denique,
307 1927 351 1992 ob
376 1927 605 2017 grandissimos
634 1929 741 2016 operis
767 1928 904 2014 hujusce
935 1947 1085 2016 sumtus,
1114 1934 1192 1998 mihi

123 2037 308 2126 gravissime
331 2034 573 2116 incumbentes,
593 2036 681 2123 prius
700 2039 873 2118 volumen,
896 2054 933 2103 ut
950 2055 1190 2105 antecursorem

125 2142 321 2229 quemdam,
347 2141 403 2229 qui
428 2140 590 2227 publicam
622 2143 811 2229 opinionem
839 2143 996 2232 speculari
1021 2147 1145 2234 quiret,
1159 2164 1192 2210 et

122 2252 258 2342 gratiam
281 2247 451 2334 aucupari,
477 2269 646 2311 necessum
670 2247 768 2312 habui
788 2251 1007 2338 praemittere:
1028 2269 1061 2316 et
1084 2271 1190 2317 actum

122 2374 171 2422 est
183 2357 329 2444 profecto
344 2352 385 2417 de
396 2352 536 2416 fortunis
554 2355 650 2434 meis,
664 2371 696 2417 et
711 2354 908 2419 editionibus
924 2374 1095 2444 poetarum
1113 2378 1192 2425 vete

123 2486 197 2526 rum
214 2484 271 2550 per
284 2459 418 2524 sudores
433 2482 522 2522 meos
539 2458 734 2523 infuturum
750 2461 982 2549 procurandis,
995 2463 1059 2527 nisi
1075 2465 1191 2530 sithoc

84 2597 86 2599 ¹
121 2568 285 2657 specimen
308 2565 403 2629 lautis
421 2563 586 2649 judicibus
605 2565 777 2630 liberaliter
792 2585 965 2656 exceptum
981 2592 988 2632 :
1007 2570 1099 2657 quod
1113 2594 1191 2636 sane

122 2676 173 2739 vel
193 2673 235 2738 ad
252 2673 342 2737 omni
360 2673 439 2735 luxu
458 2672 691 2760 typographico
711 2673 1012 2758 condecorandum‚
1031 2700 1098 2764 quo
1118 2679 1191 2766 pul·

122 2782 233 2845 ebrius
246 2779 371 2844 veniret
383 2776 583 2866 elegantibus
596 2780 775 2843 formarum
785 2781 1018 2868 spectatoribus
1030 2806 1195 2849 commen·

123 2888 257 2970 datum,
284 2903 456 2975 apparatus
482 2909 523 2949 ne
549 2886 796 2951 sumtuosissimi
823 2886 954 2976 quidem
976 2909 1190 2957 cessaverunt.

123 2997 267 3077 lnterea,
298 2991 433 3057 candide
464 2993 581 3074 lector,
608 3009 640 3056 et
670 2994 819 3060 erudite!
852 2995 975 3060 indices
1004 2996 1086 3080 duo,
1114 2999 1197 3066 alter

122 3102 254 3165 criticus
272 3099 420 3163 omnium
436 3098 470 3160 in
487 3099 727 3163 commentariis
744 3100 976 3165 notabiliorum
997 3104 1192 3189 uberrimus,

123 3224 156 3272 et
168 3206 249 3270 alter
263 3203 534 3292 locupletissimus
546 3204 740 3287 verborum,
757 3205 842 3270 libro
859 3222 950 3271 sexto
967 3209 1192 3296 subjicientur.

124 3314 205 3396 Quoe
223 3328 399 3399 supersunt
420 3325 546 3388 autem,
573 3309 701 3397 prelum
726 3313 949 3378 strenuissime
973 3335 1145 3400 exercent,
1163 3335 1198 3383 et

124 3419 235 3507 paucis
256 3416 376 3480 abhinc
397 3415 563 3479 mensibus
584 3415 648 3481 hoc
666 3416 838 3500 volumen,
858 3420 928 3482 Deo
944 3419 1091 3506 favente,
1107 3424 1200 3489 inse·

122 3537 275 3611 quentur.
293 3520 391 3586 Vale!

724 3716 832 3786 GlLB.
857 3719 1126 3792 WAKEFIELD.
