2626 5228
458 879 701 949 nantario.
1077 903 1117 978 ¹7

48 1015 267 1088 occupantur3
298 999 393 1081 alibi,
420 1000 482 1064 nisi
508 1000 619 1083 fallor,
644 998 733 1063 haud
757 1016 879 1063 temere
905 999 1116 1088 reperienda:

10 1151 14 1160 ·
50 1105 142 1193 quod
161 1107 246 1171 serio
261 1106 511 1194 triumphamus.
530 1106 606 1169 Non
627 1107 715 1170 enim
733 1106 755 1169 ii
780 1128 910 1188 sumus,
933 1108 989 1195 qui
1011 1128 1118 1171 sacros

49 1210 151 1275 libros
170 1212 221 1275 vel
238 1234 314 1276 cum
333 1210 541 1275 nobilissimis
559 1211 767 1275 ethnicorum
786 1226 931 1274 veterum
949 1212 982 1274 in
1006 1209 1119 1276 eadem

50 1315 172 1380 trutina
187 1316 323 1380 velimus
338 1337 478 1404 ponere,
496 1331 552 1379 aut
569 1313 684 1379 eodem
706 1313 814 1379 studio
833 1316 1119 1400 commentandos,

50 1441 89 1484 ac
113 1418 333 1503 meditandos,
363 1420 502 1486 cordatis
527 1419 640 1484 saltem
670 1419 860 1485 hominibus
889 1436 1119 1486 autumemus:

51 1527 149 1586 πολλοῦ
163 1549 194 1604 γε
211 1525 257 1585 καὶ
271 1528 323 1585 δεῖ·
398 1528 401 1535 '

10 1729 16 1768 Ι
231 1657 337 1742 Χρόσεα
352 1658 493 1738 χαλκείων,
509 1655 661 1736 ἑκατόμὸοι’
677 1658 840 1718 ἐννεαὸοῐων.

10 1838 16 1876 ,
95 1796 166 1859 Jarn
184 1795 374 1884 vero'prius
397 1795 476 1859 libet
498 1795 685 1859 brevissime
708 1794 902 1883 disquirere,
922 1819 1019 1884 quam
1044 1795 1122 1861 huic

10 1944 17 1981 ,
51 1900 233 1990 praefationi
258 1899 356 1965 finem
380 1923 518 1990 ponam,
537 1917 649 1965 utrum
671 1901 841 1966 Lucretius
860 1919 973 1967 noster
993 1904 1052 1968 alia
1069 1904 1122 1967 in·

53 2008 139 2097 genii
158 2025 370 2073 monumenta
388 2009 547 2097 quaepiam
563 2008 665 2073 literis
681 2007 899 2091 mandaverit,
916 2032 988 2096 quae
1007 2011 1040 2073 iri
1059 2010 1122 2074 hoc

52 2137 157 2179 aevum
180 2138 246 2179 non
263 2114 489 2204 perduravere.
509 2117 622 2196 Certe,
639 2136 715 2179 eum
734 2115 768 2178 iri
788 2114 899 2179 animo
914 2115 1066 2181 babuisse
1083 2115 1124 2180 de

52 2221 117 2286 situ
134 2238 167 2285 et
182 2221 334 2309 qualitate
359 2220 484 2286 sedium
502 2237 705 2302 sanctarum,
723 2243 803 2308 quas
826 2221 960 2285 numina
977 2223 1122 2287 Deorum

52 2344 186 2412 tenent,
209 2327 250 2392 de
268 2327 456 2392 tenuissima
475 2325 586 2392 itidem
607 2328 753 2417 ipsorum
771 2343 902 2408 natura,
925 2351 1064 2417 prorsus
1078 2330 1125 2392 in·

52 2434 171 2516 tactili,
190 2456 255 2498 neu
277 2431 469 2498 admittente
496 2448 618 2497 tactum
638 2432 773 2520 utique,
796 2454 857 2497 nec
876 2433 1013 2499 vicissim
1032 2457 1124 2499 exer·

53 2557 168 2623 cente,
192 2562 259 2604 non
281 2539 502 2628 perfunctorie
521 2536 697 2619 disserere,
724 2559 785 2601 suo
803 2538 903 2627 ipsius
925 2541 1021 2604 etiarn
1041 2540 1126 2605 testi·

52 2647 168 2710 monio
184 2645 396 2734 liquidissime
407 2643 583 2732 colligitur,
608 2644 641 2707 iii
661 2642 716 2707 lib.
730 2643 758 2706 V
770 2666 831 2707 rss.
852 2643 1008 2731 rzip-158,
1020 2667 1124 2734 quum

54 2767 323 2842 argumentorum
343 2751 585 2839 propositorum
604 2749 735 2830 seriem,
755 2750 812 2836 qui
832 2751 990 2838 sequitur,
1014 2774 1125 2816 versus

52 2856 182 2922 claudat
195 2879 203 2921 ε
215 2887 228 2912 a
238 2858 321 2940 Quae
338 2856 398 2921 tibi
415 2856 574 2944 posterius
592 2853 688 2944 largo
704 2877 845 2918 sannone
858 2854 1005 2943 probabo
1021 2889 1042 2921 u.
1060 2855 1124 2921 Sed

54 2965 143 3030 enim
161 2986 202 3029 an
221 2963 394 3028 absolverit
410 2962 624 3052 promissum,
647 2977 680 3026 et
702 2961 817 3051 ingens
836 2984 938 3049 opus,
963 2963 1124 3050 quantivis

53 3068 281 3134 aestimandum
295 3069 407 3157 pretii,
423 3067 525 3132 ruinas
540 3083 725 3156 temporum
743 3067 983 3154 oppresserint3
998 3090 1038 3131 an
1051 3090 1125 3132 con·

53 3176 164 3240 silium
183 3175 373 3257 mutarerit3
391 3196 432 3237 an
454 3195 567 3237 rursus
584 3170 618 3236 id
635 3186 784 3263 agentem
805 3195 893 3236 mors
909 3171 1126 3238 intercluserit

54 3279 187 3360 acerba3
197 3279 305 3342 nullus
317 3277 468 3365 equidem
478 3276 518 3342 de
528 3277 627 3367 plano
636 3275 874 3341 affirmaverim.
885 3278 1125 3342 Commentaria

55 3407 133 3449 sane
143 3383 303 3464 Serviano,
317 3382 357 3447 ad
368 3383 480 3470 Virgil.
491 3382 566 3452 AEu.
579 3383 642 3462 VI,
654 3380 732 3467 596,
744 3381 963 3469 suspicionem
977 3382 1126 3468 injiciunt

54 3491 144 3556 haud
157 3493 277 3571 levem,
294 3489 354 3553 hos
370 3490 484 3571 etiam,
508 3487 627 3576 quibus
649 3487 800 3569 fruimur,
814 3486 915 3552 libros
931 3510 984 3552 sex
1003 3491 1052 3553 De
1071 3512 1126 3554 na·

54 3615 128 3663 tura
150 3620 260 3662 rerum
284 3596 487 3684 aliquatenus
514 3594 720 3682 imperfectos
754 3591 794 3657 ad
824 3609 950 3658 oetatem
979 3612 1123 3660 nostram

54 3703 259 3769 descendisse
279 3724 287 3765 :
306 3698 346 3764 de
365 3723 428 3789 qua
452 3723 487 3764 re
512 3700 649 3788 paucula
676 3698 929 3765 submonuimus
951 3701 985 3764 in
1005 3702 1124 3766 nostris

54 3806 386 3876 animadversionibus
410 3804 452 3871 ad
474 3806 529 3872 lib.
556 3806 603 3870 111
624 3827 704 3869 vers.
727 3826 810 3893 991,
834 3828 901 3893 quo
926 3828 961 3871 se
988 3807 1136 3873 lectores

54 3915 244 3981 conferant:

416 4030 508 4116 ἐχθρὸν
525 4031 554 4092 δέ
569 4031 614 4113 pol
628 4035 698 4093 ἔστιν

236 4137 316 4213 Adsit
330 4143 459 4227 ἀριζήλως
473 4139 599 4224 εἰρημένα
614 4138 805 4221 μυθολογεύειν.

58 4287 157 4354 Aliud
173 4308 325 4368 carmen,
340 4283 492 4349 Lucretio
507 4281 677 4364 relictum,
693 4280 771 4346 olim
785 4281 959 4361 exstitisse,
970 4280 1123 4344 Varronis

57 4392 246 4459 testimonio
267 4391 378 4455 saltem
401 4387 567 4478 probabile
589 4385 749 4469 efficitur,
774 4388 866 4466 cujus
888 4385 1007 4455 verba,
1026 4405 1123 4472 prout

56 4504 210 4591 leguntur
223 4498 257 4562 iri
273 4496 328 4562 lib.
346 4498 390 4560 IV
405 4511 482 4560 sect.
503 4493 522 4559 3
543 4496 592 4558 De
605 4492 685 4581 ling.
702 4493 768 4556 Lat
785 4516 851 4556 non
867 4491 990 4580 pigebit
1005 4489 1122 4554 adscri-

155 4641 180 4685 1.
