2626 5228
116 272 183 349 xiv
449 268 581 348 NOVl
609 268 860 349 EDl'l'ORlS

115 456 333 537 omnesque
363 428 530 508 aliarum
567 428 793 511 editionum
830 454 1041 535 expressos
1077 428 1203 537 quasi

115 599 253 651 succos
271 588 312 650 et
330 596 492 678 sapores
514 599 594 650 una
612 570 839 653 admiscere.

168 712 443 815 Quamobrem
473 712 540 791 hic
568 713 768 809 invenies,
798 711 946 790 Lector
981 708 1203 809 benevole,

119 852 273 960 optima
293 880 462 960 quaeque
486 879 536 932 ex
566 853 774 950 Lambini,
808 851 1010 948 Creechii,
1039 848 1203 929 Wake-

116 992 248 1091 lieldi,
275 995 505 1102 Forbigeri,
534 995 697 1093 Orellii,
726 995 977 1101 aliorumque
1000 993 1112 1071 notis
1136 1020 1203 1072 se-

117 1133 216 1213 lecta
229 1164 238 1213 :
252 1150 292 1214 et
303 1163 427 1243 quum
439 1163 510 1214 sua
521 1136 665 1242 cuique
680 1133 839 1214 reddita
849 1134 1003 1230 vellem,
1017 1133 1203 1213 auctoris

116 1275 278 1353 nomine
291 1275 481 1382 pleraque
500 1276 724 1380 signantur,
737 1274 913 1382 exceptis
929 1289 1085 1351 tantum
1105 1274 1203 1382 qui-

116 1413 286 1496 busdam
305 1417 468 1516 notulis,
487 1444 586 1524 quas
602 1415 788 1524 equidem
807 1415 858 1494 ab
878 1416 966 1495 aliis
986 1432 1202 1495 mutuatus

115 1556 280 1664 paulum
305 1558 595 1636 immutaverim
616 1547 686 1638 aut
702 1558 930 1654 refecerim,
949 1573 995 1635 ut
1010 1555 1093 1664 jam
1121 1555 1202 1637 n'cc

113 1698 269 1795 alienae,
300 1725 373 1777 nec
400 1728 497 1778 meae
514 1700 607 1779 sint.
636 1699 771 1779 Unum
796 1715 929 1779 autem
953 1697 1090 1777 forsan
1115 1700 1204 1779 erit

113 1838 225 1946 quod
251 1839 327 1920 tibi
352 1841 499 1919 mirum
518 1840 720 1941 videatur,
745 1870 892 1921 nomen
920 1841 1071 1920 scilicet
1095 1840 1203 1949 Fayi

111 1981 256 2089 saepius
278 1981 526 2082 adhibitum,
559 2013 679 2092 qucm
701 1985 821 2062 ceteri
850 1982 1025 2064 editores
1055 1979 1202 2090 despi-

109 2122 222 2202 ciunt
245 2152 292 2203 ac
313 2142 526 2232 respuunt,
551 2153 792 2233 quamquam
814 2125 952 2205 forsan
978 2152 1062 2203 non
1088 2122 1202 2205 adeo

112 2292 271 2373 semper
299 2264 349 2345 de
372 2267 559 2346 Lucretio
592 2267 693 2346 male
722 2269 921 2346 meritum.
954 2265 1096 2372 Neque
1130 2292 1202 2345 me

110 2405 214 2486 fallit
246 2434 337 2483 eum
371 2407 544 2513 plurima
580 2436 603 2497 a
635 2407 853 2508 Lambino,
885 2403 1116 2502 Gassendo,
1154 2424 1202 2487 et

113 2545 277 2627 aliunde
295 2549 470 2656 expilata
493 2551 728 2649 corrasisse;
746 2548 816 2630 sed
836 2577 961 2657 quum
980 2547 1199 2656 pleraque,

115 2688 171 2767 sic
187 2687 380 2796 expilata,
406 2717 480 2796 per
497 2689 782 2799 compendium
796 2691 839 2769 in
851 2716 936 2768 rem
951 2716 1063 2767 suam
1080 2687 1200 2767 haud

109 2828 282 2910 absurde
299 2833 536 2932 contulerit,
564 2850 681 2913 notas
699 2832 751 2912 ab
769 2859 817 2912 eo
838 2832 1098 2911 concinnatas
1118 2831 1200 2909 ali-

110 2969 275 3078 quando
307 2974 532 3054 exscribere
566 2975 779 3083 proposito
816 3002 907 3052 meo
934 2973 1060 3079 magis
1090 2998 1199 3051 oon-

114 3138 258 3218 gruum
284 3112 373 3192 fuit.
401 3114 562 3211 Cetera,
590 3116 740 3233 quibus
761 3116 848 3223 ipse
872 3114 1029 3223 proprii
1049 3110 1198 3227 judicii

116 3251 337 3359 periculum
367 3251 460 3351 feci,
494 3251 662 3333 editoris
693 3255 799 3360 (Eu.)
829 3255 993 3333 nomine
1015 3250 1199 3332 ‘subscri-

115 3389 282 3470 buntur.

166 3536 433 3641 Argumenta,
449 3536 554 3616 libro
573 3537 717 3645 cuique
735 3536 959 3645 praemissa,
972 3531 1199 3613 Wakefiel-

115 3675 246 3757 dianae
264 3677 438 3758 editioni
459 3697 619 3787 accepta
645 3678 789 3759 refero.

167 3820 225 3898 De
244 3819 448 3900 scribendi
468 3821 625 3900 ratione
643 3820 800 3928 praeivit
816 3818 1031 3924 Forbiger3
1059 3814 1129 3895 sed
1149 3816 1197 3897 in

115 3987 157 4040 rc
176 3977 258 4040 tam
275 3990 444 4070 operosa
461 3980 501 4044 et
520 3962 644 4044 ardua
666 3991 729 4042 me
754 3961 967 4070 aliquoties
990 3958 1198 4047 haesitasse

117 4100 257 4181 fateor.
