<?xml version="1.0" encoding="UTF-8"?>
<!DOCTYPE html PUBLIC "-//W3C//DTD XHTML 1.0 Transitional//EN"
    "http://www.w3.org/TR/xhtml1/DTD/xhtml1-transitional.dtd">
<html xmlns="http://www.w3.org/1999/xhtml" xml:lang="en" lang="en">
 <head>
  <title>
</title>
<meta http-equiv="Content-Type" content="text/html;charset=utf-8" />
  <meta name='ocr-system' content='tesseract 3.04.00' />
  <meta name='ocr-capabilities' content='ocr_page ocr_carea ocr_par ocr_line ocrx_word'/>
</head>
<body>
  <div class='ocr_page' id='page_1' title='image "bibliothecaclas78lemagoog_0032.png"; bbox 0 0 2626 5228; ppageno 0'>
   <div class='ocr_carea' id='block_1_1' title="bbox 478 859 1132 952">
    <p class='ocr_par' dir='ltr' id='par_1_1' title="bbox 478 859 1132 952">
     <span class='ocr_line' id='line_1_1' title="bbox 478 859 1132 952; baseline 0 -24"><span class='ocrx_word' id='word_1_1' title='bbox 478 859 727 930; x_wconf 75' lang='lat' dir='ltr'>pantano.</span> <span class='ocrx_word' id='word_1_2' title='bbox 1112 879 1132 952; x_wconf 83' lang='lat' dir='ltr'>t</span> 
     </span>
    </p>
   </div>
   <div class='ocr_carea' id='block_1_2' title="bbox 10 975 1307 4031">
    <p class='ocr_par' dir='ltr' id='par_1_2' title="bbox 10 975 1307 1495">
     <span class='ocr_line' id='line_1_2' title="bbox 10 975 1134 1069; baseline 0.004 -32"><span class='ocrx_word' id='word_1_3' title='bbox 10 997 18 1036; x_wconf 85' lang='grc' dir='ltr'>ι</span> <span class='ocrx_word' id='word_1_4' title='bbox 65 976 127 1039; x_wconf 88' lang='lat' dir='ltr'>fuit</span> <span class='ocrx_word' id='word_1_5' title='bbox 143 975 301 1042; x_wconf 88' lang='lat' dir='ltr'>Gabrielis</span> <span class='ocrx_word' id='word_1_6' title='bbox 318 978 452 1062; x_wconf 86' lang='lat' dir='ltr'>Faemi;</span> <span class='ocrx_word' id='word_1_7' title='bbox 475 981 588 1064; x_wconf 87' lang='lat' dir='ltr'>tertio,</span> <span class='ocrx_word' id='word_1_8' title='bbox 612 1003 710 1069; x_wconf 86' lang='lat' dir='ltr'>quern</span> <span class='ocrx_word' id='word_1_9' title='bbox 732 978 839 1066; x_wconf 89' lang='lat' dir='ltr'><strong>Scipio</strong></span> <span class='ocrx_word' id='word_1_10' title='bbox 858 977 987 1042; x_wconf 78' lang='lat' dir='ltr'>&#39;Pectius</span> <span class='ocrx_word' id='word_1_11' title='bbox 1005 976 1134 1065; x_wconf 89' lang='lat' dir='ltr'>Neapo-</span> 
     </span>
     <span class='ocr_line' id='line_1_3' title="bbox 10 1082 1307 1180; baseline 0.003 -38"><span class='ocrx_word' id='word_1_12' title='bbox 10 1099 17 1141; x_wconf 86' lang='lat' dir='ltr'>t</span> <span class='ocrx_word' id='word_1_13' title='bbox 64 1082 180 1148; x_wconf 89' lang='lat' dir='ltr'>litanus</span> <span class='ocrx_word' id='word_1_14' title='bbox 203 1084 233 1147; x_wconf 93' lang='lat' dir='ltr'>ei</span> <span class='ocrx_word' id='word_1_15' title='bbox 260 1084 467 1153; x_wconf 89' lang='lat' dir='ltr'>commodato</span> <span class='ocrx_word' id='word_1_16' title='bbox 490 1087 605 1153; x_wconf 92' lang='lat' dir='ltr'>dedit:</span> <span class='ocrx_word' id='word_1_17' title='bbox 630 1087 764 1152; x_wconf 78' lang='lat' dir='ltr'>Lutetiae</span> <span class='ocrx_word' id='word_1_18' title='bbox 788 1107 866 1150; x_wconf 88' lang='lat' dir='ltr'>vero</span> <span class='ocrx_word' id='word_1_19' title='bbox 891 1083 1042 1166; x_wconf 90' lang='lat' dir='ltr'>duobus,</span> <span class='ocrx_word' id='word_1_20' title='bbox 1064 1105 1134 1147; x_wconf 91' lang='lat' dir='ltr'>uno</span> <span class='ocrx_word' id='word_1_21' title='bbox 1299 1132 1307 1180; x_wconf 80' lang='lat'>,</span> 
     </span>
     <span class='ocr_line' id='line_1_4' title="bbox 10 1188 1134 1276; baseline 0.001 -24"><span class='ocrx_word' id='word_1_22' title='bbox 10 1206 15 1243; x_wconf 62' lang='grc' dir='ltr'><strong><em>ὲ</em></strong></span> <span class='ocrx_word' id='word_1_23' title='bbox 64 1188 262 1258; x_wconf 82' lang='lat' dir='ltr'>Memmiana</span> <span class='ocrx_word' id='word_1_24' title='bbox 273 1215 283 1274; x_wconf 83' lang='lat'><em>3</em></span> <span class='ocrx_word' id='word_1_25' title='bbox 295 1192 416 1276; x_wconf 91' lang='lat' dir='ltr'>altero,</span> <span class='ocrx_word' id='word_1_26' title='bbox 427 1191 562 1259; x_wconf 78' lang='lat' dir='ltr'>adriani</span> <span class='ocrx_word' id='word_1_27' title='bbox 575 1194 722 1260; x_wconf 83' lang='lat' dir='ltr'>Turnebi</span> <span class='ocrx_word' id='word_1_28' title='bbox 740 1193 841 1274; x_wconf 90' lang='lat' dir='ltr'>libro,</span> <span class='ocrx_word' id='word_1_29' title='bbox 854 1190 896 1256; x_wconf 89' lang='lat' dir='ltr'>ad</span> <span class='ocrx_word' id='word_1_30' title='bbox 912 1191 1134 1256; x_wconf 76' lang='lat' dir='ltr'>bertinianum</span> 
     </span>
     <span class='ocr_line' id='line_1_5' title="bbox 63 1289 1173 1386; baseline 0.002 -28"><span class='ocrx_word' id='word_1_31' title='bbox 63 1294 211 1361; x_wconf 84' lang='lat' dir='ltr'>codicem</span> <span class='ocrx_word' id='word_1_32' title='bbox 233 1296 478 1386; x_wconf 88' lang='lat' dir='ltr'>diligentissime</span> <span class='ocrx_word' id='word_1_33' title='bbox 503 1318 536 1365; x_wconf 90' lang='lat' dir='ltr'>et</span> <span class='ocrx_word' id='word_1_34' title='bbox 557 1300 796 1366; x_wconf 79' lang='lat' dir='ltr'><strong>accuratissime</strong></span> <span class='ocrx_word' id='word_1_35' title='bbox 822 1320 927 1386; x_wconf 92' lang='lat' dir='ltr'>usque</span> <span class='ocrx_word' id='word_1_36' title='bbox 949 1295 988 1361; x_wconf 89' lang='lat' dir='ltr'>ad</span> <span class='ocrx_word' id='word_1_37' title='bbox 1013 1289 1134 1362; x_wconf 87' lang='lat' dir='ltr'>librum</span> <span class='ocrx_word' id='word_1_38' title='bbox 1170 1339 1173 1347; x_wconf 85' lang='lat'>·</span> 
     </span>
     <span class='ocr_line' id='line_1_6' title="bbox 63 1402 604 1495; baseline 0.015 -31"><span class='ocrx_word' id='word_1_39' title='bbox 63 1418 191 1466; x_wconf 89' lang='lat' dir='ltr'>sextum</span> <span class='ocrx_word' id='word_1_40' title='bbox 210 1402 365 1469; x_wconf 84' lang='lat' dir='ltr'><strong>duntaxat</strong></span> <span class='ocrx_word' id='word_1_41' title='bbox 383 1423 604 1495; x_wconf 73' lang='lat' dir='ltr'>comparato».</span> 
     </span>
    </p>

    <p class='ocr_par' dir='ltr' id='par_1_3' title="bbox 52 1508 1226 3087">
     <span class='ocr_line' id='line_1_7' title="bbox 108 1508 1134 1601; baseline 0.001 -29"><span class='ocrx_word' id='word_1_42' title='bbox 108 1508 268 1597; x_wconf 84' lang='lat' dir='ltr'>Equidem</span> <span class='ocrx_word' id='word_1_43' title='bbox 281 1534 348 1575; x_wconf 91' lang='lat' dir='ltr'>non</span> <span class='ocrx_word' id='word_1_44' title='bbox 362 1513 388 1576; x_wconf 88' lang='lat' dir='ltr'>is</span> <span class='ocrx_word' id='word_1_45' title='bbox 402 1535 493 1593; x_wconf 91' lang='lat' dir='ltr'>sum,</span> <span class='ocrx_word' id='word_1_46' title='bbox 510 1513 568 1600; x_wconf 93' lang='lat' dir='ltr'>qui</span> <span class='ocrx_word' id='word_1_47' title='bbox 579 1513 685 1577; x_wconf 85' lang='lat' dir='ltr'>virum</span> <span class='ocrx_word' id='word_1_48' title='bbox 696 1511 846 1601; x_wconf 86' lang='lat' dir='ltr'>ingenuis</span> <span class='ocrx_word' id='word_1_49' title='bbox 855 1510 977 1575; x_wconf 89' lang='lat' dir='ltr'>artibus</span> <span class='ocrx_word' id='word_1_50' title='bbox 994 1509 1134 1598; x_wconf 87' lang='lat' dir='ltr'>penitius</span> 
     </span>
     <span class='ocr_line' id='line_1_8' title="bbox 62 1615 1132 1699; baseline 0.001 -21"><span class='ocrx_word' id='word_1_51' title='bbox 62 1616 246 1699; x_wconf 92' lang='lat' dir='ltr'>imbutum,</span> <span class='ocrx_word' id='word_1_52' title='bbox 265 1634 298 1681; x_wconf 91' lang='lat' dir='ltr'>et</span> <span class='ocrx_word' id='word_1_53' title='bbox 314 1619 513 1683; x_wconf 78' lang='lat' dir='ltr'><strong>amatoribus</strong></span> <span class='ocrx_word' id='word_1_54' title='bbox 530 1618 672 1684; x_wconf 90' lang='lat' dir='ltr'>Lucretii</span> <span class='ocrx_word' id='word_1_55' title='bbox 689 1615 927 1682; x_wconf 86' lang='lat' dir='ltr'>necessitudine</span> <span class='ocrx_word' id='word_1_56' title='bbox 951 1616 1132 1680; x_wconf 91' lang='lat' dir='ltr'>multorum</span> 
     </span>
     <span class='ocr_line' id='line_1_9' title="bbox 61 1719 1133 1804; baseline 0.003 -21"><span class='ocrx_word' id='word_1_57' title='bbox 61 1719 249 1786; x_wconf 87' lang='lat' dir='ltr'>officiorum</span> <span class='ocrx_word' id='word_1_58' title='bbox 271 1721 568 1804; x_wconf 77' lang='lat' dir='ltr'>devinctissimum‚</span> <span class='ocrx_word' id='word_1_59' title='bbox 592 1722 668 1789; x_wconf 89' lang='lat' dir='ltr'>fidei</span> <span class='ocrx_word' id='word_1_60' title='bbox 691 1722 892 1788; x_wconf 88' lang='lat' dir='ltr'>sublestioris</span> <span class='ocrx_word' id='word_1_61' title='bbox 915 1722 1056 1786; x_wconf 84' lang='lat' dir='ltr'>libenter</span> <span class='ocrx_word' id='word_1_62' title='bbox 1081 1744 1133 1786; x_wconf 90' lang='lat' dir='ltr'>ar-</span> 
     </span>
     <span class='ocr_line' id='line_1_10' title="bbox 61 1824 1132 1918; baseline 0 -28"><span class='ocrx_word' id='word_1_63' title='bbox 61 1848 176 1914; x_wconf 88' lang='lat' dir='ltr'>guam:</span> <span class='ocrx_word' id='word_1_64' title='bbox 191 1829 279 1893; x_wconf 83' lang='lat' dir='ltr'>nefas</span> <span class='ocrx_word' id='word_1_65' title='bbox 297 1844 404 1893; x_wconf 90' lang='lat' dir='ltr'>tamen</span> <span class='ocrx_word' id='word_1_66' title='bbox 418 1846 519 1912; x_wconf 90' lang='lat' dir='ltr'>esset,</span> <span class='ocrx_word' id='word_1_67' title='bbox 535 1848 568 1895; x_wconf 94' lang='lat' dir='ltr'>et</span> <span class='ocrx_word' id='word_1_68' title='bbox 581 1831 702 1894; x_wconf 90' lang='lat' dir='ltr'>crimen</span> <span class='ocrx_word' id='word_1_69' title='bbox 714 1829 900 1918; x_wconf 90' lang='lat' dir='ltr'>publicum,</span> <span class='ocrx_word' id='word_1_70' title='bbox 914 1824 1132 1909; x_wconf 88' lang='lat' dir='ltr'>dissimulare,</span> 
     </span>
     <span class='ocr_line' id='line_1_11' title="bbox 61 1934 1133 2026; baseline 0.001 -31"><span class='ocrx_word' id='word_1_71' title='bbox 61 1934 163 1996; x_wconf 91' lang='lat' dir='ltr'>multa</span> <span class='ocrx_word' id='word_1_72' title='bbox 183 1934 263 1998; x_wconf 90' lang='lat' dir='ltr'>mibi</span> <span class='ocrx_word' id='word_1_73' title='bbox 289 1935 323 1998; x_wconf 92' lang='lat' dir='ltr'>in</span> <span class='ocrx_word' id='word_1_74' title='bbox 341 1936 406 2000; x_wconf 92' lang='lat' dir='ltr'>hoc</span> <span class='ocrx_word' id='word_1_75' title='bbox 429 1959 564 2001; x_wconf 89' lang='lat' dir='ltr'>munere</span> <span class='ocrx_word' id='word_1_76' title='bbox 589 1935 799 2026; x_wconf 90' lang='lat' dir='ltr'>defungendo</span> <span class='ocrx_word' id='word_1_77' title='bbox 822 1934 1014 2022; x_wconf 88' lang='lat' dir='ltr'>scrupulum</span> <span class='ocrx_word' id='word_1_78' title='bbox 1035 1954 1133 2022; x_wconf 90' lang='lat' dir='ltr'>super</span> 
     </span>
     <span class='ocr_line' id='line_1_12' title="bbox 60 2037 1131 2132; baseline 0.001 -32"><span class='ocrx_word' id='word_1_79' title='bbox 60 2037 121 2102; x_wconf 91' lang='lat' dir='ltr'>hac</span> <span class='ocrx_word' id='word_1_80' title='bbox 143 2062 194 2122; x_wconf 90' lang='lat' dir='ltr'>re,</span> <span class='ocrx_word' id='word_1_81' title='bbox 217 2063 316 2105; x_wconf 89' lang='lat' dir='ltr'>manu</span> <span class='ocrx_word' id='word_1_82' title='bbox 333 2042 461 2132; x_wconf 86' lang='lat' dir='ltr'>scriptis</span> <span class='ocrx_word' id='word_1_83' title='bbox 478 2044 600 2108; x_wconf 89' lang='lat' dir='ltr'>scilicet</span> <span class='ocrx_word' id='word_1_84' title='bbox 622 2043 859 2132; x_wconf 81' lang='lat' dir='ltr'>exemplaribus</span> <span class='ocrx_word' id='word_1_85' title='bbox 877 2040 1038 2124; x_wconf 81' lang='lat' dir='ltr'>Lambini,</span> <span class='ocrx_word' id='word_1_86' title='bbox 1062 2061 1131 2103; x_wconf 92' lang='lat' dir='ltr'>non</span> 
     </span>
     <span class='ocr_line' id='line_1_13' title="bbox 59 2144 1130 2236; baseline 0 -28"><span class='ocrx_word' id='word_1_87' title='bbox 59 2144 164 2208; x_wconf 83' lang='lat' dir='ltr'>levem</span> <span class='ocrx_word' id='word_1_88' title='bbox 179 2145 345 2230; x_wconf 75' lang='lat' dir='ltr'>injecisse,</span> <span class='ocrx_word' id='word_1_89' title='bbox 367 2148 402 2211; x_wconf 92' lang='lat' dir='ltr'>in</span> <span class='ocrx_word' id='word_1_90' title='bbox 421 2172 493 2236; x_wconf 90' lang='lat' dir='ltr'>quae</span> <span class='ocrx_word' id='word_1_91' title='bbox 516 2150 650 2214; x_wconf 89' lang='lat' dir='ltr'>lectores</span> <span class='ocrx_word' id='word_1_92' title='bbox 670 2149 757 2214; x_wconf 90' lang='lat' dir='ltr'>ultro</span> <span class='ocrx_word' id='word_1_93' title='bbox 775 2148 1012 2229; x_wconf 87' lang='lat' dir='ltr'>occursabunt,</span> <span class='ocrx_word' id='word_1_94' title='bbox 1037 2161 1070 2209; x_wconf 92' lang='lat' dir='ltr'>et</span> <span class='ocrx_word' id='word_1_95' title='bbox 1088 2144 1130 2209; x_wconf 91' lang='lat' dir='ltr'>de</span> 
     </span>
     <span class='ocr_line' id='line_1_14' title="bbox 59 2250 1132 2342; baseline 0.001 -29"><span class='ocrx_word' id='word_1_96' title='bbox 59 2250 178 2337; x_wconf 88' lang='lat' dir='ltr'>quibus</span> <span class='ocrx_word' id='word_1_97' title='bbox 201 2275 298 2316; x_wconf 90' lang='lat' dir='ltr'>suum</span> <span class='ocrx_word' id='word_1_98' title='bbox 317 2252 498 2340; x_wconf 89' lang='lat' dir='ltr'>judicium,</span> <span class='ocrx_word' id='word_1_99' title='bbox 517 2256 675 2320; x_wconf 89' lang='lat' dir='ltr'>hactenus</span> <span class='ocrx_word' id='word_1_100' title='bbox 694 2256 930 2336; x_wconf 89' lang='lat' dir='ltr'>summonitos,</span> <span class='ocrx_word' id='word_1_101' title='bbox 949 2250 1132 2342; x_wconf 84' lang='lat' dir='ltr'>praestiterit</span> 
     </span>
     <span class='ocr_line' id='line_1_15' title="bbox 58 2355 1129 2452; baseline 0.004 -34"><span class='ocrx_word' id='word_1_102' title='bbox 58 2356 198 2446; x_wconf 89' lang='lat' dir='ltr'>integros</span> <span class='ocrx_word' id='word_1_103' title='bbox 214 2360 394 2424; x_wconf 85' lang='lat' dir='ltr'>exercuisse</span> <span class='ocrx_word' id='word_1_104' title='bbox 412 2384 420 2425; x_wconf 90' lang='lat'>:</span> <span class='ocrx_word' id='word_1_105' title='bbox 440 2384 491 2426; x_wconf 90' lang='lat' dir='ltr'>res</span> <span class='ocrx_word' id='word_1_106' title='bbox 514 2362 613 2452; x_wconf 86' lang='lat' dir='ltr'>igitur</span> <span class='ocrx_word' id='word_1_107' title='bbox 633 2386 651 2426; x_wconf 92' lang='lat' dir='ltr'>a</span> <span class='ocrx_word' id='word_1_108' title='bbox 674 2385 727 2426; x_wconf 89' lang='lat' dir='ltr'>me</span> <span class='ocrx_word' id='word_1_109' title='bbox 745 2362 942 2449; x_wconf 80' lang='lat' dir='ltr'>relinquitur</span> <span class='ocrx_word' id='word_1_110' title='bbox 958 2359 991 2421; x_wconf 92' lang='lat' dir='ltr'>iu</span> <span class='ocrx_word' id='word_1_111' title='bbox 1010 2355 1129 2422; x_wconf 82' lang='lat' dir='ltr'>medio.</span> 
     </span>
     <span class='ocr_line' id='line_1_16' title="bbox 57 2462 1226 2554; baseline 0 -29"><span class='ocrx_word' id='word_1_112' title='bbox 57 2462 131 2527; x_wconf 88' lang='lat' dir='ltr'>Hoc</span> <span class='ocrx_word' id='word_1_113' title='bbox 155 2463 278 2528; x_wconf 88' lang='lat' dir='ltr'>interea</span> <span class='ocrx_word' id='word_1_114' title='bbox 304 2464 345 2530; x_wconf 91' lang='lat' dir='ltr'>de</span> <span class='ocrx_word' id='word_1_115' title='bbox 366 2467 464 2554; x_wconf 93' lang='lat' dir='ltr'>plano</span> <span class='ocrx_word' id='word_1_116' title='bbox 491 2468 600 2531; x_wconf 90' lang='lat' dir='ltr'>nullus</span> <span class='ocrx_word' id='word_1_117' title='bbox 627 2467 844 2532; x_wconf 83' lang='lat' dir='ltr'>dubitaverim</span> <span class='ocrx_word' id='word_1_118' title='bbox 867 2464 1051 2545; x_wconf 83' lang='lat' dir='ltr'>affirmare,</span> <span class='ocrx_word' id='word_1_119' title='bbox 1078 2483 1131 2526; x_wconf 90' lang='lat' dir='ltr'>me</span> <span class='ocrx_word' id='word_1_120' title='bbox 1223 2489 1226 2495; x_wconf 92' lang='lat'>·</span> 
     </span>
     <span class='ocr_line' id='line_1_17' title="bbox 57 2569 1129 2661; baseline 0 -31"><span class='ocrx_word' id='word_1_121' title='bbox 57 2569 221 2633; x_wconf 90' lang='lat' dir='ltr'>neminem</span> <span class='ocrx_word' id='word_1_122' title='bbox 239 2571 382 2651; x_wconf 86' lang='lat' dir='ltr'>novisse,</span> <span class='ocrx_word' id='word_1_123' title='bbox 404 2573 460 2659; x_wconf 90' lang='lat' dir='ltr'>qui</span> <span class='ocrx_word' id='word_1_124' title='bbox 477 2589 666 2637; x_wconf 84' lang='lat' dir='ltr'>contextum</span> <span class='ocrx_word' id='word_1_125' title='bbox 684 2572 851 2661; x_wconf 90' lang='lat' dir='ltr'>scriptoris</span> <span class='ocrx_word' id='word_1_126' title='bbox 867 2569 1057 2657; x_wconf 89' lang='lat' dir='ltr'>cujuslibet,</span> <span class='ocrx_word' id='word_1_127' title='bbox 1073 2589 1129 2630; x_wconf 93' lang='lat' dir='ltr'>au-</span> 
     </span>
     <span class='ocr_line' id='line_1_18' title="bbox 57 2675 1129 2766; baseline 0.001 -30"><span class='ocrx_word' id='word_1_128' title='bbox 57 2675 207 2739; x_wconf 90' lang='lat' dir='ltr'>ctoritate</span> <span class='ocrx_word' id='word_1_129' title='bbox 231 2677 495 2743; x_wconf 88' lang='lat' dir='ltr'>membranarum</span> <span class='ocrx_word' id='word_1_130' title='bbox 519 2681 632 2744; x_wconf 89' lang='lat' dir='ltr'>leviter</span> <span class='ocrx_word' id='word_1_131' title='bbox 657 2681 860 2758; x_wconf 89' lang='lat' dir='ltr'>conculcata,</span> <span class='ocrx_word' id='word_1_132' title='bbox 882 2676 1022 2766; x_wconf 90' lang='lat' dir='ltr'>propriis</span> <span class='ocrx_word' id='word_1_133' title='bbox 1047 2696 1129 2738; x_wconf 90' lang='lat' dir='ltr'>con·</span> 
     </span>
     <span class='ocr_line' id='line_1_19' title="bbox 52 2779 1128 2873; baseline 0.001 -31"><span class='ocrx_word' id='word_1_134' title='bbox 52 2779 186 2858; x_wconf 85' lang='lat' dir='ltr'>jacturis</span> <span class='ocrx_word' id='word_1_135' title='bbox 208 2781 432 2867; x_wconf 83' lang='lat' dir='ltr'>inferciendis,</span> <span class='ocrx_word' id='word_1_136' title='bbox 458 2808 517 2873; x_wconf 88' lang='lat' dir='ltr'>per</span> <span class='ocrx_word' id='word_1_137' title='bbox 539 2786 728 2850; x_wconf 80' lang='lat' dir='ltr'>effusiorem</span> <span class='ocrx_word' id='word_1_138' title='bbox 750 2784 931 2864; x_wconf 89' lang='lat' dir='ltr'>licentiam,</span> <span class='ocrx_word' id='word_1_139' title='bbox 949 2798 1046 2869; x_wconf 88' lang='lat' dir='ltr'>atque</span> <span class='ocrx_word' id='word_1_140' title='bbox 1074 2779 1128 2843; x_wconf 94' lang='lat' dir='ltr'>in·</span> 
     </span>
     <span class='ocr_line' id='line_1_20' title="bbox 55 2887 1127 2981; baseline 0.001 -33"><span class='ocrx_word' id='word_1_141' title='bbox 55 2887 237 2952; x_wconf 89' lang='lat' dir='ltr'>consultam</span> <span class='ocrx_word' id='word_1_142' title='bbox 258 2891 359 2979; x_wconf 90' lang='lat' dir='ltr'>magis</span> <span class='ocrx_word' id='word_1_143' title='bbox 379 2894 610 2976; x_wconf 89' lang='lat' dir='ltr'>temeritatem,</span> <span class='ocrx_word' id='word_1_144' title='bbox 627 2893 746 2981; x_wconf 90' lang='lat' dir='ltr'>passim</span> <span class='ocrx_word' id='word_1_145' title='bbox 764 2889 961 2979; x_wconf 86' lang='lat' dir='ltr'>praefractius</span> <span class='ocrx_word' id='word_1_146' title='bbox 979 2887 1127 2952; x_wconf 84' lang='lat' dir='ltr'>vitiatum</span> 
     </span>
     <span class='ocr_line' id='line_1_21' title="bbox 53 2990 863 3087; baseline 0.017 -33"><span class='ocrx_word' id='word_1_147' title='bbox 53 3007 87 3055; x_wconf 92' lang='lat' dir='ltr'>et</span> <span class='ocrx_word' id='word_1_148' title='bbox 101 2990 310 3082; x_wconf 89' lang='lat' dir='ltr'>deturpatum</span> <span class='ocrx_word' id='word_1_149' title='bbox 329 2994 465 3062; x_wconf 88' lang='lat' dir='ltr'>dederit.</span> <span class='ocrx_word' id='word_1_150' title='bbox 860 3084 863 3087; x_wconf 21' lang='grc' dir='ltr'>Ι</span> 
     </span>
    </p>

    <p class='ocr_par' dir='ltr' id='par_1_4' title="bbox 51 3098 1141 4031">
     <span class='ocr_line' id='line_1_22' title="bbox 99 3098 1124 3193; baseline -0.002 -32"><span class='ocrx_word' id='word_1_151' title='bbox 99 3099 245 3164; x_wconf 89' lang='lat' dir='ltr'>Creechii</span> <span class='ocrx_word' id='word_1_152' title='bbox 256 3101 289 3164; x_wconf 92' lang='lat' dir='ltr'>in</span> <span class='ocrx_word' id='word_1_153' title='bbox 303 3101 490 3167; x_wconf 86' lang='lat' dir='ltr'>Lucretium</span> <span class='ocrx_word' id='word_1_154' title='bbox 508 3104 622 3168; x_wconf 89' lang='lat' dir='ltr'>merita</span> <span class='ocrx_word' id='word_1_155' title='bbox 637 3103 734 3193; x_wconf 90' lang='lat' dir='ltr'>longe</span> <span class='ocrx_word' id='word_1_156' title='bbox 748 3101 880 3166; x_wconf 85' lang='lat' dir='ltr'>inferius</span> <span class='ocrx_word' id='word_1_157' title='bbox 887 3098 1008 3180; x_wconf 80' lang='lat' dir='ltr'>jacere,</span> <span class='ocrx_word' id='word_1_158' title='bbox 1026 3118 1124 3185; x_wconf 90' lang='lat' dir='ltr'>quam</span> 
     </span>
     <span class='ocr_line' id='line_1_23' title="bbox 55 3202 1124 3294; baseline 0.001 -30"><span class='ocrx_word' id='word_1_159' title='bbox 55 3202 147 3287; x_wconf 92' lang='lat' dir='ltr'>quod</span> <span class='ocrx_word' id='word_1_160' title='bbox 169 3205 285 3294; x_wconf 86' lang='lat' dir='ltr'>vulgus</span> <span class='ocrx_word' id='word_1_161' title='bbox 303 3209 404 3272; x_wconf 87' lang='lat' dir='ltr'>soleat</span> <span class='ocrx_word' id='word_1_162' title='bbox 421 3210 618 3292; x_wconf 84' lang='lat' dir='ltr'>existimare,</span> <span class='ocrx_word' id='word_1_163' title='bbox 641 3225 762 3274; x_wconf 90' lang='lat' dir='ltr'>memet</span> <span class='ocrx_word' id='word_1_164' title='bbox 786 3208 893 3271; x_wconf 91' lang='lat' dir='ltr'>habeo</span> <span class='ocrx_word' id='word_1_165' title='bbox 917 3203 1124 3294; x_wconf 88' lang='lat' dir='ltr'>persuasissi-</span> 
     </span>
     <span class='ocr_line' id='line_1_24' title="bbox 56 3309 1128 3406; baseline 0.003 -39"><span class='ocrx_word' id='word_1_166' title='bbox 56 3327 158 3371; x_wconf 93' lang='lat' dir='ltr'>mum.</span> <span class='ocrx_word' id='word_1_167' title='bbox 181 3309 266 3373; x_wconf 87' lang='lat' dir='ltr'>Eum</span> <span class='ocrx_word' id='word_1_168' title='bbox 282 3311 419 3396; x_wconf 86' lang='lat' dir='ltr'>alicubi,</span> <span class='ocrx_word' id='word_1_169' title='bbox 436 3331 475 3378; x_wconf 92' lang='lat' dir='ltr'>ut</span> <span class='ocrx_word' id='word_1_170' title='bbox 490 3314 649 3380; x_wconf 87' lang='lat' dir='ltr'>Gassendi</span> <span class='ocrx_word' id='word_1_171' title='bbox 665 3315 872 3406; x_wconf 85' lang='lat' dir='ltr'>plagiarium,</span> <span class='ocrx_word' id='word_1_172' title='bbox 888 3310 1128 3376; x_wconf 84' lang='lat' dir='ltr'>Valckenaerus.</span> 
     </span>
     <span class='ocr_line' id='line_1_25' title="bbox 54 3408 1141 3507; baseline 0.003 -34"><span class='ocrx_word' id='word_1_173' title='bbox 54 3410 273 3479; x_wconf 89' lang='lat' dir='ltr'>insimulavit:</span> <span class='ocrx_word' id='word_1_174' title='bbox 290 3439 326 3480; x_wconf 88' lang='lat' dir='ltr'>ea</span> <span class='ocrx_word' id='word_1_175' title='bbox 339 3440 417 3482; x_wconf 85' lang='lat' dir='ltr'>vero</span> <span class='ocrx_word' id='word_1_176' title='bbox 431 3435 613 3507; x_wconf 88' lang='lat' dir='ltr'>utcumque</span> <span class='ocrx_word' id='word_1_177' title='bbox 624 3440 658 3485; x_wconf 88' lang='lat' dir='ltr'>se</span> <span class='ocrx_word' id='word_1_178' title='bbox 672 3442 724 3483; x_wconf 90' lang='lat' dir='ltr'>res</span> <span class='ocrx_word' id='word_1_179' title='bbox 733 3419 867 3502; x_wconf 88' lang='lat' dir='ltr'>habeat,</span> <span class='ocrx_word' id='word_1_180' title='bbox 881 3433 967 3482; x_wconf 87' lang='lat' dir='ltr'>certe</span> <span class='ocrx_word' id='word_1_181' title='bbox 980 3408 1141 3503; x_wconf 77' lang='lat' dir='ltr'>iniquior&#39;</span> 
     </span>
     <span class='ocr_line' id='line_1_26' title="bbox 54 3519 1125 3606; baseline 0.007 -27"><span class='ocrx_word' id='word_1_182' title='bbox 54 3533 152 3599; x_wconf 87' lang='lat' dir='ltr'>esset,</span> <span class='ocrx_word' id='word_1_183' title='bbox 170 3520 225 3606; x_wconf 90' lang='lat' dir='ltr'>qui</span> <span class='ocrx_word' id='word_1_184' title='bbox 239 3519 384 3602; x_wconf 86' lang='lat' dir='ltr'>laudern,</span> <span class='ocrx_word' id='word_1_185' title='bbox 396 3523 531 3589; x_wconf 89' lang='lat' dir='ltr'>utilibus</span> <span class='ocrx_word' id='word_1_186' title='bbox 548 3523 616 3603; x_wconf 91' lang='lat' dir='ltr'>ejus</span> <span class='ocrx_word' id='word_1_187' title='bbox 634 3522 674 3587; x_wconf 91' lang='lat' dir='ltr'>ad</span> <span class='ocrx_word' id='word_1_188' title='bbox 690 3523 918 3588; x_wconf 88' lang='lat' dir='ltr'>illustrandum</span> <span class='ocrx_word' id='word_1_189' title='bbox 935 3519 1125 3586; x_wconf 85' lang='lat' dir='ltr'>Lucretium</span> 
     </span>
     <span class='ocr_line' id='line_1_27' title="bbox 53 3623 1123 3718; baseline 0.002 -32"><span class='ocrx_word' id='word_1_190' title='bbox 53 3623 254 3690; x_wconf 89' lang='lat' dir='ltr'>collectaneis</span> <span class='ocrx_word' id='word_1_191' title='bbox 279 3626 511 3717; x_wconf 78' lang='lat' dir='ltr'>philosophicis</span> <span class='ocrx_word' id='word_1_192' title='bbox 533 3631 739 3718; x_wconf 85' lang='lat' dir='ltr'>acquisitam,</span> <span class='ocrx_word' id='word_1_193' title='bbox 761 3647 894 3718; x_wconf 89' lang='lat' dir='ltr'>cuperet</span> <span class='ocrx_word' id='word_1_194' title='bbox 916 3626 1075 3709; x_wconf 89' lang='lat' dir='ltr'>deterere,</span> <span class='ocrx_word' id='word_1_195' title='bbox 1096 3625 1123 3689; x_wconf 89' lang='lat' dir='ltr'>si</span> 
     </span>
     <span class='ocr_line' id='line_1_28' title="bbox 53 3728 1122 3823; baseline 0.003 -31"><span class='ocrx_word' id='word_1_196' title='bbox 53 3728 173 3813; x_wconf 91' lang='lat' dir='ltr'>modo,</span> <span class='ocrx_word' id='word_1_197' title='bbox 197 3756 270 3820; x_wconf 84' lang='lat' dir='ltr'>quae</span> <span class='ocrx_word' id='word_1_198' title='bbox 292 3736 371 3801; x_wconf 89' lang='lat' dir='ltr'>citra</span> <span class='ocrx_word' id='word_1_199' title='bbox 389 3739 642 3802; x_wconf 86' lang='lat' dir='ltr'>controversiam</span> <span class='ocrx_word' id='word_1_200' title='bbox 662 3739 813 3803; x_wconf 87' lang='lat' dir='ltr'>sumserit</span> <span class='ocrx_word' id='word_1_201' title='bbox 834 3732 983 3816; x_wconf 90' lang='lat' dir='ltr'>aliunde,</span> <span class='ocrx_word' id='word_1_202' title='bbox 1010 3755 1122 3823; x_wconf 91' lang='lat' dir='ltr'>prom·</span> 
     </span>
     <span class='ocr_line' id='line_1_29' title="bbox 51 3835 1124 3932; baseline 0.005 -34"><span class='ocrx_word' id='word_1_203' title='bbox 51 3835 135 3900; x_wconf 92' lang='lat' dir='ltr'>tiore</span> <span class='ocrx_word' id='word_1_204' title='bbox 152 3840 263 3903; x_wconf 92' lang='lat' dir='ltr'>animo</span> <span class='ocrx_word' id='word_1_205' title='bbox 282 3840 323 3904; x_wconf 89' lang='lat' dir='ltr'>ad</span> <span class='ocrx_word' id='word_1_206' title='bbox 349 3857 497 3907; x_wconf 90' lang='lat' dir='ltr'>auctores</span> <span class='ocrx_word' id='word_1_207' title='bbox 515 3844 638 3932; x_wconf 89' lang='lat' dir='ltr'>primos</span> <span class='ocrx_word' id='word_1_208' title='bbox 658 3845 777 3909; x_wconf 83' lang='lat' dir='ltr'>referre</span> <span class='ocrx_word' id='word_1_209' title='bbox 792 3843 843 3908; x_wconf 84' lang='lat' dir='ltr'>vir</span> <span class='ocrx_word' id='word_1_210' title='bbox 867 3841 1054 3930; x_wconf 88' lang='lat' dir='ltr'>ingeniosus</span> <span class='ocrx_word' id='word_1_211' title='bbox 1070 3836 1124 3903; x_wconf 84' lang='lat' dir='ltr'>ille</span> 
     </span>
     <span class='ocr_line' id='line_1_30' title="bbox 53 3947 785 4031; baseline 0.014 -27"><span class='ocrx_word' id='word_1_212' title='bbox 53 3961 250 4031; x_wconf 85' lang='lat' dir='ltr'>separatum</span> <span class='ocrx_word' id='word_1_213' title='bbox 269 3947 474 4014; x_wconf 87' lang='lat' dir='ltr'>ostendisset.</span> <span class='ocrx_word' id='word_1_214' title='bbox 778 3958 785 3965; x_wconf 83' lang='lat'><em>&#39;</em></span> 
     </span>
    </p>
   </div>
   <div class='ocr_carea' id='block_1_3' title="bbox 51 4042 1226 4669">
    <p class='ocr_par' dir='ltr' id='par_1_5' title="bbox 51 4042 1226 4669">
     <span class='ocr_line' id='line_1_31' title="bbox 96 4042 1124 4141; baseline -0.001 -31"><span class='ocrx_word' id='word_1_215' title='bbox 96 4048 135 4110; x_wconf 90' lang='lat' dir='ltr'>In</span> <span class='ocrx_word' id='word_1_216' title='bbox 164 4050 302 4114; x_wconf 82' lang='lat' dir='ltr'>maxima</span> <span class='ocrx_word' id='word_1_217' title='bbox 328 4068 419 4139; x_wconf 90' lang='lat' dir='ltr'>parte</span> <span class='ocrx_word' id='word_1_218' title='bbox 438 4042 630 4119; x_wconf 80' lang='lat' dir='ltr'>meritorum</span> <span class='ocrx_word' id='word_1_219' title='bbox 659 4053 870 4140; x_wconf 87' lang='lat' dir='ltr'>Havercampi</span> <span class='ocrx_word' id='word_1_220' title='bbox 895 4073 1004 4141; x_wconf 92' lang='lat' dir='ltr'>pono,</span> <span class='ocrx_word' id='word_1_221' title='bbox 1033 4044 1124 4135; x_wconf 92' lang='lat' dir='ltr'>quod</span> 
     </span>
     <span class='ocr_line' id='line_1_32' title="bbox 52 4151 1123 4249; baseline 0.001 -34"><span class='ocrx_word' id='word_1_222' title='bbox 52 4151 204 4218; x_wconf 91' lang='lat' dir='ltr'>codicum</span> <span class='ocrx_word' id='word_1_223' title='bbox 231 4155 501 4245; x_wconf 82' lang='lat' dir='ltr'>Lugdunensium</span> <span class='ocrx_word' id='word_1_224' title='bbox 530 4160 769 4249; x_wconf 88' lang='lat' dir='ltr'>diligentiorem</span> <span class='ocrx_word' id='word_1_225' title='bbox 793 4158 888 4222; x_wconf 91' lang='lat' dir='ltr'>nobis</span> <span class='ocrx_word' id='word_1_226' title='bbox 916 4155 1123 4225; x_wconf 83' lang='lat' dir='ltr'>collationem</span> 
     </span>
     <span class='ocr_line' id='line_1_33' title="bbox 51 4257 1128 4361; baseline 0.002 -40"><span class='ocrx_word' id='word_1_227' title='bbox 51 4263 343 4346; x_wconf 82' lang='lat' dir='ltr'>repraesentaverit,</span> <span class='ocrx_word' id='word_1_228' title='bbox 356 4280 389 4328; x_wconf 89' lang='lat' dir='ltr'>et</span> <span class='ocrx_word' id='word_1_229' title='bbox 403 4264 498 4328; x_wconf 74' lang='lat' dir='ltr'>amisi</span> <span class='ocrx_word' id='word_1_230' title='bbox 513 4266 564 4329; x_wconf 86' lang='lat' dir='ltr'>sui</span> <span class='ocrx_word' id='word_1_231' title='bbox 577 4264 719 4353; x_wconf 89' lang='lat' dir='ltr'>Preigeri</span> <span class='ocrx_word' id='word_1_232' title='bbox 735 4263 910 4328; x_wconf 88' lang='lat' dir='ltr'>nonnullas</span> <span class='ocrx_word' id='word_1_233' title='bbox 927 4257 1128 4361; x_wconf 56' lang='lat' dir='ltr'>animadvers</span> 
     </span>
     <span class='ocr_line' id='line_1_34' title="bbox 53 4365 1226 4459; baseline 0.003 -32"><span class='ocrx_word' id='word_1_234' title='bbox 53 4365 176 4446; x_wconf 92' lang='lat' dir='ltr'>siones,</span> <span class='ocrx_word' id='word_1_235' title='bbox 192 4366 333 4433; x_wconf 88' lang='lat' dir='ltr'>eruditas</span> <span class='ocrx_word' id='word_1_236' title='bbox 351 4369 419 4433; x_wconf 87' lang='lat' dir='ltr'>illas</span> <span class='ocrx_word' id='word_1_237' title='bbox 433 4387 625 4458; x_wconf 78' lang='lat' dir='ltr'>acutosque,</span> <span class='ocrx_word' id='word_1_238' title='bbox 643 4371 837 4459; x_wconf 80' lang='lat' dir='ltr'>protraxerit</span> <span class='ocrx_word' id='word_1_239' title='bbox 852 4368 887 4433; x_wconf 91' lang='lat' dir='ltr'>iu</span> <span class='ocrx_word' id='word_1_240' title='bbox 903 4369 1011 4435; x_wconf 85' lang='lat' dir='ltr'>lucem</span> <span class='ocrx_word' id='word_1_241' title='bbox 1023 4384 1034 4431; x_wconf 78' lang='lat' dir='ltr'>t</span> <span class='ocrx_word' id='word_1_242' title='bbox 1043 4372 1169 4453; x_wconf 52' lang='lat' dir='ltr'>ms?</span> <span class='ocrx_word' id='word_1_243' title='bbox 1191 4370 1205 4387; x_wconf 67' lang='lat'><em>⁶</em></span> <span class='ocrx_word' id='word_1_244' title='bbox 1223 4400 1226 4404; x_wconf 96' lang='lat'>·</span> 
     </span>
     <span class='ocr_line' id='line_1_35' title="bbox 53 4462 1121 4564; baseline 0.006 -33"><span class='ocrx_word' id='word_1_245' title='bbox 53 4466 259 4535; x_wconf 89' lang='lat' dir='ltr'>doctissimus</span> <span class='ocrx_word' id='word_1_246' title='bbox 287 4473 393 4538; x_wconf 89' lang='lat' dir='ltr'>editor</span> <span class='ocrx_word' id='word_1_247' title='bbox 417 4473 458 4538; x_wconf 93' lang='lat' dir='ltr'>de</span> <span class='ocrx_word' id='word_1_248' title='bbox 485 4497 576 4563; x_wconf 89' lang='lat' dir='ltr'>penu</span> <span class='ocrx_word' id='word_1_249' title='bbox 599 4475 734 4563; x_wconf 89' lang='lat' dir='ltr'>proprio</span> <span class='ocrx_word' id='word_1_250' title='bbox 757 4472 968 4564; x_wconf 66' lang='lat' dir='ltr'>paucissima,</span> <span class='ocrx_word' id='word_1_251' title='bbox 1000 4488 1073 4557; x_wconf 57' lang='lat' dir='ltr'>neg,</span> <span class='ocrx_word' id='word_1_252' title='bbox 1087 4462 1091 4493; x_wconf 76' lang='lat'><em>⁵</em></span> <span class='ocrx_word' id='word_1_253' title='bbox 1106 4464 1121 4471; x_wconf 64' lang='grc'><strong><em>”</em></strong></span> 
     </span>
     <span class='ocr_line' id='line_1_36' title="bbox 55 4575 649 4669; baseline 0.011 -30"><span class='ocrx_word' id='word_1_254' title='bbox 55 4575 190 4661; x_wconf 90' lang='lat' dir='ltr'>quidem</span> <span class='ocrx_word' id='word_1_255' title='bbox 206 4579 316 4668; x_wconf 88' lang='lat' dir='ltr'>magui</span> <span class='ocrx_word' id='word_1_256' title='bbox 332 4579 444 4667; x_wconf 91' lang='lat' dir='ltr'>pretii,</span> <span class='ocrx_word' id='word_1_257' title='bbox 461 4580 649 4669; x_wconf 88' lang='lat' dir='ltr'>depromsit.</span> 
     </span>
    </p>
   </div>
   <div class='ocr_carea' id='block_1_4' title="bbox 0 0 1318 5228">
    <p class='ocr_par' dir='ltr' id='par_1_6' title="bbox 0 0 1318 5228">
     <span class='ocr_line' id='line_1_37' title="bbox 0 0 1318 5228; baseline 0 1"><span class='ocrx_word' id='word_1_258' title='bbox 0 0 1318 5228; x_wconf 95' lang='lat' dir='ltr'> </span> 
     </span>
    </p>
   </div>
  </div>
 </body>
</html>
