2626 5228
128 339 172 412 32
419 337 482 409 DE
504 337 544 405 T.
570 337 787 407 LUCRETII
810 335 921 407 cam

124 461 286 529 stituenda
297 461 435 526 lectione
449 462 634 526 auctoritas.
649 460 713 527 Sed
726 461 778 525 his
790 459 960 526 codicibus
970 459 1072 525 illam
1082 458 1121 524 in
1136 456 1199 522 lor's

124 567 322 657 quibusdam
333 568 543 633 variationem
556 568 729 633 verborum
746 582 935 632 constanter
943 582 979 631 et
990 590 1128 657 magno
1139 588 1200 631 oon

123 697 220 739 sensu
237 673 421 752 mentibus,
434 675 501 738 reri
514 675 677 763 persimile
690 675 841 756 arbitror,
858 695 929 738 eam
940 673 985 736 ab
997 673 1150 737 bomine
1159 693 1199 734 re

54 795 58 805 ’
123 781 224 864 nisse,
243 781 301 869 qui
313 777 575 845 emendationem
591 781 760 862 carminis,
780 803 887 869 neque
897 780 985 844 illam
999 795 1126 844 tamen
1139 776 1200 843 satis

122 902 318 968 constanter,
332 886 483 950 factitant
496 911 504 951 :
518 903 556 950 ut
572 886 605 950 in
623 887 725 951 altero
738 885 831 966 looo,
843 883 935 974 quod
947 901 1054 973 poeta
1068 885 1199 974 scripsit

121 993 155 1057 in
172 995 294 1074 altero,
310 991 399 1082 quod
414 992 606 1059 emendator
617 993 783 1081 reposuit,
799 990 900 1055 hodie
919 978 1091 1080 legamus.
1107 994 1199 1056 Aoos·

122 1099 190 1182 dit,
213 1099 304 1189 quod
318 1099 419 1165 multa
436 1100 470 1163 in
487 1101 553 1164 boc
569 1100 712 1164 carmine
726 1101 798 1163 loca
818 1100 864 1163 ita
875 1114 953 1163 sunt
966 1097 1089 1163 luxata
1108 1115 1145 1163 et
1159 1120 1199 1160 or

121 1205 198 1270 dine
215 1229 276 1271 suo
290 1205 496 1294 perturbata,
515 1222 554 1270 ut
568 1205 721 1293 iniquum
735 1227 773 1268 ac
787 1203 997 1268 temerarium
1014 1203 1089 1286 sit,
1107 1225 1198 1268 unam

120 1312 326 1376 librariorum
342 1311 502 1374 incuriam
518 1326 550 1375 et
569 1310 796 1400 negligentiam
812 1332 980 1389 accusare,
995 1311 1198 1397 prasertim,

119 1441 224 1508 quum
239 1417 392 1483 codicum
408 1416 627 1505 quorumdam
640 1415 760 1482 indicia
773 1418 837 1482 alio
852 1416 984 1481 ducant.
999 1415 1076 1498 Qui
1094 1417 1132 1480 in
1146 1416 1198 1480 sin

119 1523 203 1612 gulis
224 1523 321 1586 etiam
344 1521 555 1586 hemistichiis
576 1537 609 1586 et
634 1522 800 1586 vocabulis
824 1537 928 1586 tantas
949 1542 1035 1608 saepe
1067 1538 1199 1609 tamque

115 1650 266 1693 enormes
283 1627 452 1692 varietates
471 1627 634 1709 offerunt,
648 1644 687 1691 ut
709 1649 800 1717 paene
816 1625 1006 1692 incredibile
1022 1626 1095 1710 sit,
1117 1648 1198 1692 east

115 1734 229 1799 scribis
251 1752 309 1799 aut
330 1735 640 1824 interpolatoribus,
660 1753 717 1800 aut
735 1760 753 1800 a
772 1757 938 1824 quoquam
955 1733 1038 1816 alio,
1059 1757 1198 1823 quami

114 1841 222 1930 primo
245 1842 395 1906 carminis
425 1842 477 1905 vel
502 1842 673 1907 conditore
701 1842 752 1906 rel
778 1841 1003 1922 emendatore,
1027 1845 1198 1929 profectas

114 1947 224 2013 fuisse.
241 1948 325 2012 Sunt
341 1949 428 2013 enim
447 1948 549 2013 ferme
571 1947 755 2030 ejusmodi,
778 1971 851 2036 qun
872 1968 987 2013 sensus
1002 1948 1198 2015 varietatem

113 2051 282 2135 inducant,
299 2054 561 2141 sententiamque
570 2054 679 2142 priore
688 2054 856 2119 meliorem
866 2070 899 2117 et
911 2053 1200 2121 accommodatio·

114 2180 184 2223 rem
199 2158 358 2242 reddant,
382 2183 450 2223 non
466 2184 539 2248 quae
553 2161 671 2224 vitiatis
688 2183 786 2242 sana,
802 2159 964 2248 corruptis
978 2157 1117 2248 integra
1136 2162 1200 2226 sul·

115 2263 231 2330 liciant.
243 2267 341 2331 Nunc
355 2267 538 2356 perstringo
554 2267 624 2331 haec
640 2283 788 2348 tantum,
805 2288 872 2329 non
890 2279 1071 2354 pertracto,
1084 2289 1135 2332 ne
1146 2283 1198 2332 aut

115 2373 358 2443 Commentario
378 2373 581 2461 praeripuisse
598 2373 781 2454 materiem,
797 2388 855 2436 aut
874 2371 1198 2458 Prolegomenorum

115 2476 194 2542 lines
217 2494 338 2542 temere
363 2477 473 2542 videar
492 2479 689 2543 transiliisse.
715 2480 786 2542 Jam
810 2501 890 2542 vero
913 2479 1024 2559 juncta
1059 2477 1141 2545 haec
1170 2498 1200 2546 et

115 2586 206 2673 quasi
226 2586 409 2651 consociata
425 2602 616 2675 argumenta
632 2586 657 2648 si
676 2607 774 2673 quam
792 2587 857 2651 vim
874 2583 1046 2648 conciliare
1070 2604 1200 2653 nostru

113 2690 307 2771 conjecturae
326 2690 479 2755 valeant:
497 2690 578 2779 quid
599 2691 744 2780 impedit,
759 2714 827 2779 quo
846 2691 955 2755 minus
970 2709 1087 2753 versus
1105 2691 1200 2775 illos,

112 2794 257 2862 laudatos
275 2796 490 2887 grammaticis
509 2820 615 2888 neque
631 2797 665 2861 in
681 2798 824 2861 carmine
843 2795 984 2861 Lucretii
1006 2793 1114 2860 hodie
1134 2799 1200 2863 ob·

111 2902 198 2985 rios,
215 2902 256 2966 ad
271 2902 417 2968 eamdem
429 2903 624 2991 suspicionis
636 2902 725 2967 velut
740 2925 888 2967 normam
903 2900 1094 2990 exigamus?
1109 2904 1200 2988 Quis

111 3007 301 3072 incredibile
318 3025 430 3097 putet,
454 3010 534 3074 alios
548 3032 567 3073 a
582 3026 768 3086 correctore
784 3008 935 3072 carminis
954 3006 1104 3072 sublatos
1125 3033 1199 3076 esse

110 3132 233 3193 versus,
249 3112 282 3175 in
297 3113 418 3200 quibus
432 3113 575 3176 luxuries
589 3129 693 3200 poetae
705 3111 800 3177 latius
813 3135 883 3177 sese
895 3108 1112 3201 profudisset,
1123 3138 1199 3181 mu.

113 3234 197 3284 tatos
217 3218 314 3300 alios,
338 3217 484 3300 limatos,
504 3235 537 3282 et
555 3241 619 3306 qua
635 3220 749 3302 verba,
765 3243 827 3307 qua
845 3220 1038 3285 sententiam
1053 3224 1201 3288 concin-

112 3326 220 3390 niores
247 3330 345 3412 atque
371 3324 608 3390 emendatiores
636 3326 759 3392 factos?
794 3328 886 3391 Patet
912 3326 977 3412 jam
1005 3324 1197 3413 probabilis

112 3431 214 3513 ratio,
237 3432 451 3519 quamobrem
468 3449 650 3521 expunctus
671 3433 712 3498 sit
726 3432 768 3497 de
781 3433 895 3496 Ixione
905 3432 1008 3496 locus.
1028 3428 1197 3501 Hemisti-

110 3546 221 3610 cbium
246 3562 355 3611 autern
378 3545 476 3630 illud,
494 3547 586 3636 quod
604 3547 733 3612 Servius
758 3546 865 3611 Poetae
887 3545 1061 3610 attribuit:
1079 3556 1200 3635 superi

109 3651 263 3740 spoliatus
284 3651 414 3717 luminis
433 3677 500 3733 aer,
523 3652 632 3741 quoad
655 3675 788 3717 sensum
817 3653 861 3716 ita
880 3651 1032 3741 congruit
1054 3654 1194 3740 verbis,

55 3744 61 3755 ⁴
110 3781 182 3846 qum
198 3774 275 3822 suut
292 3758 347 3823 lib.
363 3759 419 3841 lV,
441 3782 472 3824 v.
493 3758 573 3846 369,
591 3758 707 3823 lumine
731 3781 840 3822 cassus
855 3781 921 3838 aer,
940 3772 979 3820 ut
997 3754 1096 3836 hujus
1121 3760 1195 3828 loci

110 3865 371 3932 immutationem
382 3867 555 3955 quamdam
568 3890 637 3932 esse
647 3866 763 3931 facturn
773 3915 782 3948 ,
793 3866 882 3931 haud
895 3867 1003 3955 inepte
1018 3865 1194 3951 conjicias.

111 3970 174 4035 Sed
197 3972 394 4040 luculentior
420 3975 568 4063 quiedam
594 3992 626 4041 et
645 3991 811 4062 tamquam
835 3975 987 4062 insignita
1006 3985 1085 4038 nota
1110 3998 1196 4044 cor·
1230 3958 1233 3963 Ι
