2626 5228
75 746 85 837 Ῑ
418 806 528 877 vtm
553 807 612 875 nr
636 805 858 881 clnumu.
1079 890 1088 903 ,
1129 804 1177 906 39

135 928 196 1010 ojus,
204 926 237 994 tt
248 926 355 993 Varro
366 927 524 995 Atacinus
534 924 827 1012 Narbonensis(1),
837 925 894 1013 qui
905 922 1022 990 eodem
1030 941 1179 1016 ternpore

71 1022 85 1129 ξ’
132 1034 345 1125 philosophiam
352 1033 468 1097 latino
480 1033 624 1097 carmine
634 1031 815 1107 illustravit,
825 1032 866 1096 ab
876 1031 1082 1120 Empedoclis
1096 1035 1179 1099 tristi

71 1132 82 1225 ξ
130 1141 232 1207 etsicoa
249 1141 377 1205 ratione
389 1162 455 1203 non
470 1138 689 1203 desciverunt.
713 1135 776 1201 Sed
791 1137 1043 1225 Empedoclem,
1055 1140 1082 1202 si
1098 1139 1180 1206 adeo

71 1232 82 1319 l
129 1262 228 1311 rueres
240 1245 445 1326 nescierunt,
462 1262 573 1308 utrum
585 1245 670 1307 inter
681 1244 905 1331 philosophos,
915 1268 954 1307 au
968 1245 1054 1309 inter
1064 1262 1175 1332 poetas

126 1367 314 1419 numerarent
324 1350 392 1441 (a);
409 1351 489 1439 quid
503 1351 710 1431 Lttcretium,
723 1350 920 1413 imitatorem
931 1351 1019 1432 ejus,
1036 1353 1180 1436 miraris,

71 1484 76 1509 =
124 1459 223 1547 doque
244 1459 312 1523 ulla
338 1457 534 1523 inventionis
562 1455 657 1521 laude
681 1456 811 1544 poetico
834 1456 1004 1520 molimine
1031 1457 1179 1546 philoso-

71 1598 76 1603 ·
123 1565 285 1653 plantem?
306 1566 406 1629 lllurn
423 1565 450 1629 si
466 1587 541 1628 acer
558 1563 690 1651 spiritus
713 1586 750 1626 ac
769 1563 817 1626 vis
835 1561 1040 1650 diviniorque
1056 1565 1180 1654 ingenii

71 1706 76 1713 ·
123 1671 220 1753 urnis,
237 1671 348 1737 sinon
365 1670 398 1735 in
418 1668 555 1758 singulis
570 1668 666 1748 locis,
685 1684 720 1731 at
736 1668 772 1730 in
790 1668 940 1730 universa
956 1685 1065 1732 tumen
1088 1692 1179 1735 com-

71 1754 77 1839 l
122 1777 264 1865 positione
282 1791 317 1841 et
332 1775 549 1854 tractatione,
569 1773 614 1835 ita
630 1771 764 1853 defecit,
783 1788 821 1835 ut
836 1773 1001 1838 rhetorico
1009 1773 1056 1862 (3)
1070 1776 1179 1863 potius

71 1930 74 1937 -
124 1880 345 1971 quampoetico
356 1877 505 1961 artificio,
514 1878 648 1967 physica
657 1879 757 1966 magis
767 1901 865 1965 quam
879 1881 1005 1967 poetica
1013 1883 1179 1972 γοητείᾳ(4)

71 2028 74 2065 5
123 1989 345 2067 imlaieaceret3
363 1983 443 2074 quid
461 1987 648 2049 Romanum
666 1984 813 2064 incusas,
832 1985 984 2051 carminis
1004 1987 1085 2051 adeo
1099 2012 1180 2078 ope·

71 2084 75 2153 l
123 2093 172 2159 rosi
186 2110 368 2174 auctorem,
384 2108 423 2156 ut
438 2093 535 2156 edam
554 2089 785 2173 Quintilianus,
802 2091 846 2172 X,
867 2115 895 2172 1,
913 2094 970 2179 qui
987 2094 1178 2182 elegantiam

120 2220 165 2286 pro
177 2199 318 2263 materiae
327 2198 455 2261 ratione
465 2210 665 2285 agnosceret,
678 2194 718 2257 ab
727 2193 917 2262 difficultate
930 2199 999 2278 ejus
1010 2215 1179 2265 oratorum
1244 2208 1246 2219 '

71 2322 75 2363 ἰ
120 2304 206 2371 mdia
226 2299 561 2371 averterentudereti’
587 2303 657 2391 Ego
675 2301 860 2366 mirandum
879 2321 1045 2392 putarem,
1075 2307 1179 2371 siista

71 2406 74 2473 l
120 2410 328 2475 Romanorum
354 2425 448 2475 aetate
480 2407 711 2473 secundarium
740 2430 824 2496 opus
855 2410 994 2499 exempli
1024 2411 1179 2478 dissimile

119 2532 226 2581 misti.

147 2623 260 2712 Neque
285 2644 364 2687 vero
387 2623 452 2686 hoc
476 2620 684 2684 mirationem
701 2619 816 2702 iaciat,
843 2620 950 2710 quod,
977 2646 1179 2713 quamquam

119 2726 269 2795 lucetius
284 2730 372 2793 inter
384 2728 514 2793 Graecos
526 2726 760 2815 Empedoclem
773 2744 806 2791 et
819 2746 972 2815 praeterea
984 2731 1179 2817 Homerum,

141 2923 176 2989 (ι)
186 2924 336 2973 Dabimuter
346 2923 465 2987 loquutus
476 2938 537 2969 sum.
548 2922 612 2970 Nam
696 2922 736 2988 (a)
748 2923 889 2971 Lactantius
898 2923 1007 2979 Institut.
1022 2924 1073 2974 div.
1085 2930 1112 2976 11
1117 2962 1126 2990 ,
1136 2945 1178 2994 12,

119 2998 268 3053 lamminis
289 3003 451 3060 varroniani,
471 3001 539 3065 quod
562 3001 611 3048 hnc
661 3002 715 3066 §tp

118 3082 232 3143 musal,
253 3093 279 3131 ot
302 3092 458 3145 argumento,
484 3092 509 3128 et
533 3081 611 3127 forma
696 3081 735 3143 (3)
746 3080 921 3144 Empedoclem
936 3084 1041 3146 primum
1053 3085 1178 3155 ῥητορικὴν

117 3171 174 3227 ψ
183 3163 332 3211 nutatione
342 3161 433 3224 asubigi
446 3171 535 3225 potest.
550 3159 610 3206 Edi·
660 3159 850 3219 ntnnrotloat,lt.
862 3178 883 3207 e.
898 3161 996 3209 nocuisse
1006 3165 1095 3230 aliqua
1109 3168 1176 3216 circa

118 3250 167 3290 iores
176 3242 301 3299 Lucretii,
320 3242 364 3304 qui
374 3257 471 3288 carmen
483 3244 521 3289 De
531 3255 611 3286 rerum
661 3239 812 3299 rhetoricen,
832 3242 900 3287 Sexti
911 3242 1029 3305 Erupirici
1050 3245 1177 3305 (adversus

117 3330 186 3367 utura
199 3336 213 3366 a
226 3322 342 3366 Varrone
357 3321 476 3382 scripturn
494 3335 545 3365 esse
557 3327 612 3363 ante
661 3320 850 3367 Mathematicus
867 3322 930 3377 Vll,
949 3337 1006 3382 pag.
1026 3321 1086 3386 370)
1108 3338 1133 3373 et
1149 3328 1177 3377 F.

116 3394 238 3447 huetium
248 3398 613 3455 uobismrrant,lontemnar·
663 3398 810 3460 Quintiliani
833 3398 910 3459 (lust.
922 3401 1022 3447 Orator.
1035 3403 1131 3463 111‚1,
1147 3408 1178 3470 8)

116 3476 203 3527 uici·
213 3476 308 3527 addere
323 3477 455 3527 debebant.
471 3478 519 3526 Sed
540 3478 613 3525 tacite
662 3478 806 3524 testimonio
816 3489 921 3526 constat.
935 3478 1002 3525 Idem
1023 3482 1049 3527 in
1062 3484 1178 3547 Sophiste

116 3554 523 3621 fdmmrQuiutiliauIauctotitate
533 3556 613 3615 ebusi,
662 3575 708 3606 suo
722 3557 867 3621 prodiderat
880 3558 1042 3617 Aristoteles,
1056 3565 1176 3615 referente

117 3632 210 3687 lusui.
220 3635 417 3702 ontor.1,i,§
430 3645 455 3693 l.
470 3663 504 3673 -
516 3636 614 3700 ingenii
663 3639 772 3700 Diogene
784 3637 882 3686 laertio
889 3639 960 3698 vm,
973 3639 988 3687 5
992 3658 1016 3702 7,
1033 3657 1061 3705 p.
1074 3643 1125 3708 529
1135 3645 1178 3697 ed.

117 3722 184 3763 lile·
194 3714 311 3765 felicitate
321 3718 459 3764 Varronem
473 3717 615 3780 prestitisse
662 3717 782 3767 Meibom.

117 3790 234 3856 luerem,
248 3797 370 3861 suspicari
382 3796 441 3844 licet
453 3808 506 3845 tum
516 3812 548 3843 ex
561 3796 615 3843 aliis
700 3797 740 3860 (l)
757 3796 919 3861 Empedocles
931 3798 1030 3866 γοητιὺς
1044 3799 1136 3870 [ploti.
1156 3821 1177 3856 e.

118 3868 171 3919 illiue
183 3874 348 3933 canuiuibus,
362 3876 468 3923 maxime
489 3874 612 3939 elegiacis,
664 3873 809 3944 ἀλιξανὲμας
828 3876 873 3939 (ci.
890 3877 977 3926 Valck.
997 3879 1029 3926 ad
1051 3885 1177 3947 Euripidis

120 3964 282 4017 qooemagumu
296 3953 328 4000 ab
342 3953 439 4002 idoneis
452 3954 551 4001 arbitris
564 3953 616 4001 lau·
664 3959 751 4006 rhen.
772 3976 800 4022 p.
827 3967 858 4014 ia
887 3959 942 4022 sq.)
972 3961 1056 4008 multis
1085 3963 1176 4015 dictus.

121 4026 165 4078 lm
174 4032 265 4091 tulere,
278 4044 332 4081 tum
346 4050 436 4095 exeo,
450 4034 519 4098 quod
533 4050 614 4082 assue-
663 4036 739 4097 Vide,
754 4054 817 4100 quos
826 4036 936 4086 laudavit
951 4040 1077 4087 Harleslns
1086 4041 1117 4087 nd
1132 4047 1178 4090 Fa·

121 4107 213 4160 lloterm
225 4111 325 4161 bctloui
336 4125 361 4161 et
374 4113 457 4162 studio
472 4114 617 4161 Alexandri·
664 4115 768 4164 bricium
783 4119 809 4165 iu
826 4117 978 4167 Bibliotheca
995 4120 1081 4167 Graeca
1095 4122 1143 4167 rol.
1156 4126 1177 4185 1,

123 4192 496 4242 mmllatuetdratumlatiuo
507 4194 614 4241 carmine
663 4213 689 4261 p.
705 4198 774 4259 809,
798 4200 823 4245 iu
848 4199 934 4261 primis
952 4199 1018 4246 Diet.
1033 4198 1178 4250 Tiedemau·

123 4262 247 4329 domnina
260 4272 614 4337 precipueArgomuticorum
664 4292 721 4322 uum
745 4279 771 4323 in
793 4277 961 4325 dissertatione
983 4276 1013 4323 de
1027 4280 1178 4340 quaestione,

124 4344 231 4408 lpollouii
250 4351 344 4401 ttuooit
358 4353 472 4402 versione
485 4354 614 4404 celebrita·
663 4372 718 4418 que
731 4356 804 4404 suerit
820 4359 909 4405 artium
928 4356 1075 4419 magicarum
1090 4360 1175 4421 origo,

126 4430 402 4482 tumutnoobtiuuit.
662 4450 690 4498 p.
704 4432 737 4498 39
749 4452 801 4500 seq.
