2626 5228
58 916 193 937 mmm
201 912 1124 940 mmmmnuummwmmmmm

66 1125 70 1133 ·
163 1095 323 1173 nunu.
352 1094 468 1171 ean.
497 1048 606 1174 ann.
636 1091 1016 1183 ucusrannrn

114 1328 215 1429 on
254 1326 423 1430 rrrt
462 1324 842 1430 nocnerit
887 1325 1124 1466 cant)

349 1555 472 1623 VITA
500 1554 565 1622 ET
596 1554 844 1624 CARMINE

432 1747 756 1810 otssssttmto

342 1939 845 1981 “w-
912 1946 914 1956 ·

62 2083 132 2184 Da
145 2116 207 2180 rita
220 2116 380 2197 Lucretii,
392 2138 496 2205 quum
510 2115 625 2181 sileant
635 2132 769 2198 veteres,
784 2138 945 2204 perpauca
956 2134 1046 2203 sunt,
1063 2141 1134 2206 quae

60 2222 274 2311 probabiliter
296 2221 448 2287 dicantur
467 2245 475 2288 :
496 2223 553 2287 sed
570 2222 611 2288 de
626 2222 696 2303 ejus
718 2225 878 2306 carmine,
897 2225 980 2312 ¹quia
999 2247 1049 2289 res
1066 2225 1135 2314 ipsa

62 2328 219 2416 loquitur,
245 2327 309 2392 dici
334 2329 498 2418 aliquanto
516 2328 609 2418 plana
625 2344 772 2417 possunt.
792 2327 843 2393 Ad
864 2347 1016 2394 neutrum
1036 2355 1135 2425 argu·

62 2449 210 2497 mentum
237 2433 401 2498 Gilbertus
428 2432 646 2498 Wakefieldus
674 2435 821 2498 animum
852 2435 1024 2525 applicuit,
1051 2438 1134 2520 sive,

63 2537 154 2626 quod
165 2539 273 2603 critica
284 2562 358 2604 eum
374 2539 525 2603 materies
540 2539 581 2602 ab
593 2539 753 2624 ejusmodi
769 2537 1052 2628 disquisitionibus
1063 2542 1136 2606 abs·

63 2660 223 2726 traxerat,
249 2645 315 2708 sire
338 2644 412 2709 alias
436 2643 479 2707 ob
502 2666 650 2727 caussas,
680 2666 759 2736 quas
782 2644 847 2708 hoc
872 2645 944 2735 loco
967 2646 1136 2734 exquirere

63 2749 146 2813 nihil
159 2750 283 2815 attinet.
294 2750 374 2832 Nos,
388 2750 541 2840 quoniam
551 2751 691 2815 Lucretii
702 2773 772 2814 cam
786 2773 935 2838 paramus
948 2749 1135 2833 editionem,

62 2878 135 2944 quse
159 2855 307 2944 priorum
332 2857 480 2920 omnium
504 2854 604 2921 veluti
627 2855 781 2922 delibatas
801 2854 892 2920 dotes
908 2856 1046 2937 offerat,
1068 2856 1134 2921 hoc

62 2976 195 3024 utemur
210 2977 482 3051 temperamento,
499 2977 551 3043 ut,
569 2984 672 3049 quum
692 2961 807 3025 Petrus
824 2961 978 3042 Crinitus,
996 2962 1136 3051 Baptista

61 3067 160 3148 Pius,
181 3068 283 3132 Lilius
303 3068 463 3158 Gyraldus
480 3067 599 3156 aliique
622 3067 774 3132 nonnulli
792 3066 833 3133 de
858 3068 922 3137 rita
941 3083 973 3140 et
994 3069 1137 3138 carmine

62 3170 204 3236 Lucretii
228 3196 342 3261 parurn
362 3190 511 3239 accurate
541 3189 574 3242 et
595 3172 838 3265 propemodum
862 3173 1033 3266 inquinate
1060 3175 1139 3239 scri·

64 3277 200 3364 pserint,
216 3278 394 3366 Dionysius
407 3296 515 3343 autem
525 3278 713 3370 Lambinus,
724 3277 863 3373 ejusque
881 3295 1057 3374 perpetuus
1069 3278 1138 3345 imi·

64 3397 162 3462 tator,
178 3382 319 3447 Obertus
342 3384 508 3466 Gilanius,
534 3386 567 3447 in
591 3384 656 3447 hoc
681 3406 803 3478 genere
827 3385 1035 3469 conjunctam
1053 3407 1136 3449 cum

66 3485 215 3554 doctrina
233 3488 424 3578 elegantiam
450 3488 671 3571 ostenderint,
691 3488 811 3553 horum
831 3489 1082 3578 disputationes,
1102 3491 1136 3556 in

62 3593 197 3659 ltrerem
216 3618 375 3660 summam
393 3595 554 3678 redactas,
572 3595 853 3660 observationibus
872 3597 990 3662 nostris
1008 3614 1137 3679 auctas,

66 3715 263 3788 nostroque,
286 3703 313 3765 si
329 3701 377 3765 fas
394 3699 490 3765 estid
507 3700 644 3782 addere,
658 3698 782 3780 judicio
799 3703 940 3780 limatas,
958 3701 1135 3767 lectoribus

66 3827 299 3894 proponamus.
999 3880 1003 3892 ,

110 3911 224 3976 Ram
240 3913 427 3978 Lucretium
443 3915 574 3996 Carnam,
590 3912 702 4001 patria,
717 3928 755 3976 ut
766 3935 812 3977 «en
822 3914 930 4002 ipsius
942 3914 1134 3985 musonio

65 4017 308 4108 (1,39‚,831,;
329 4019 394 4101 ΙΙΙ,
415 4017 499 4109 259)
518 4018 737 4111 cognoscitur,
747 4019 953 4103 Romanum,
973 4019 1135 4085 Eusebius

66 4123 439 4212 Pamphilinatnmesse
453 4120 585 4192 tradidit
602 4123 732 4212 olymp.
746 4147 861 4207 onam,
878 4148 914 4208 a,
932 4123 996 4194 hoc
1011 4140 1079 4209 ert,
1094 4125 1136 4196 ex

66 4256 143 4298 nora
159 4229 290 4323 quidem
305 4232 550 4320 computatione
567 4231 833 4320 temporum-(1),
848 4255 937 4295 anno
952 4228 1134 4315 modo,

105 4421 144 4486 (r)
163 4422 223 4469 Eam
245 4429 362 4476 tenum,
380 4419 423 4481 qui
434 4414 578 4466 nimiunn
626 4417 697 4480 qunti
710 4427 767 4465 aunt
778 4417 855 4475 ,Tho
867 4417 998 4465 creechtns
1011 4416 1036 4462 in
1045 4417 1137 4463 Prata·

70 4500 169 4551 Eusebii
193 4498 411 4564 Hieronymianum
434 4496 460 4544 in
479 4495 519 4543 ht·
539 4511 579 4543 sc·
628 4494 1136 4555 tioneLucreti1;JoAlbAEabriciusin
1246 4556 1248 4561 Ι
