2626 5228
121 346 167 393 ra⁴
503 324 793 395 WAKEFIELDI

115 446 375 535 Havercampus3
399 467 474 509 nam
495 445 669 510 Creechius
685 445 774 533 prior
788 441 989 508 adhibuerat.
1010 443 1105 508 Cum
1132 443 1192 510 hoc

113 550 226 616 codice
250 568 283 616 et
305 551 450 616 editione
470 550 650 615 Veronensi
672 566 761 615 tanta
783 563 832 614 eat
853 548 1028 614 consensio
1050 550 1191 614 varieta·

112 671 201 739 tum,
220 673 257 721 ut
269 657 363 721 valde
377 658 556 747 suspicatus
572 657 633 722 sim
650 656 763 722 dolum
780 656 919 744 aliquem
930 656 1125 739 collatoris5
1140 680 1191 720 ne·

113 784 178 849 que
195 763 285 851 prius
299 764 359 828 hac
374 764 556 853 suspicione
567 787 640 828 sum
662 764 803 844 solutus,
823 785 920 850 quum
939 760 980 825 ad
996 761 1189 852 secundum

111 868 232 934 librum
247 893 332 934 meas
349 870 640 936 animadversiones
652 871 916 933 continuaveram
932 890 941 932 ε
959 884 1032 932 tum
1051 867 1189 933 demum

112 975 162 1037 vir
177 977 410 1064 amplissimus,
433 978 625 1042 Gnnrnnuus
640 977 799 1059 chxsor,
816 977 851 1041 B.
870 977 923 1055 D.,
938 974 1055 1038 falsam
1074 992 1113 1039 et
1130 975 1188 1039 ini-

113 1102 210 1166 quam
227 1083 432 1176 opinionem,
451 1085 515 1148 isto
537 1082 579 1147 de
602 1081 731 1161 codice,
748 1103 815 1145 non
832 1103 871 1146 ex
892 1081 982 1145 ranis
999 1081 1188 1144 rationibus

113 1203 294 1275 susceptam
319 1205 446 1272 tamen,
463 1210 517 1252 me
534 1187 718 1276 benigniter
738 1185 903 1252 dedocuit.
921 1187 1063 1250 Revera
1082 1187 1120 1250 in
1141 1187 1189 1250 bi·

112 1290 274 1358 bliotheca
285 1295 458 1359 Bodleiano
470 1294 525 1358 ille
536 1292 638 1357 codex
652 1292 815 1381 hodieque
831 1307 1030 1372 asservatum
1045 1291 1109 1356 sed
1121 1316 1188 1357 non

113 1421 260 1488 magnam
283 1417 475 1465 vetustatem
488 1403 602 1486 jactat,
626 1422 733 1487 neque
750 1398 861 1463 multae
880 1398 981 1488 frugis
996 1413 1099 1480 sunt,
1117 1421 1189 1488 quc

110 1506 306 1587 referuntur,
319 1506 508 1570 variationes
525 1504 615 1585 ejus:
631 1504 772 1593 ideoque
785 1526 852 1569 non
869 1502 969 1568 modo
986 1504 1104 1568 minus
1121 1528 1190 1594 poe·

111 1611 191 1674 nitet
204 1610 424 1701 indiligentius
438 1613 604 1695 recensiti,
620 1611 676 1676 sed
695 1634 797 1700 angor
812 1611 932 1691 levius,
947 1609 1190 1676 inhumanissi-

111 1738 179 1779 mas
190 1715 396 1782 bibliothecae
410 1717 592 1782 Bodleianae
608 1718 705 1807 leges,
721 1716 801 1779 mihi
813 1715 947 1780 liberam
959 1716 1190 1781 tractationem

112 1821 181 1906 ejus
197 1821 285 1886 haud
301 1823 494 1911 permisisse.
510 1825 682 1905 Ceterum,
702 1822 776 1886 satis
794 1823 906 1886 saltem
923 1836 1061 1903 constat,
1083 1845 1193 1888 exem·

111 1928 190 2016 plari
215 1928 413 2013 Bodleiano,
432 1947 463 1994 et
479 1929 613 1995 editioni
631 1929 725 1994 dictae
736 1928 935 2019 Veronensi,
960 1949 1065 1991 unum
1096 1929 1192 1994 codi-

111 2055 199 2113 cem,
217 2034 269 2098 vel
287 2033 432 2115 ejusdem
450 2058 584 2124 prorsus
600 2034 747 2116 familiae,
762 2056 823 2122 pro
839 2034 1015 2122 archetypo
1032 2033 1194 2120 primitus

111 2142 277 2207 exstitisse.
318 2195 322 2202 .

158 2241 305 2331 Gottorp.
318 2243 365 2331 fr.
381 2243 635 2331 Gottorpianum
650 2261 697 2308 est
714 2244 931 2332 fragmentum
941 2290 951 2324 ,
961 2242 1195 2335 Havercampo

111 2365 210 2437 atque
229 2350 297 2415 aliis
320 2348 453 2415 eruditis
477 2348 690 2430 celebratum,
711 2365 837 2414 aetatem
860 2348 1020 2437 attingens
1044 2347 1116 2413 800
1144 2350 1196 2416 vel

112 2477 177 2542 900
193 2477 374 2537 annorum,
386 2455 476 2544 quod
493 2455 632 2519 infauste
643 2472 751 2520 tamen
767 2455 896 2544 explicit
911 2476 987 2519 cum
1005 2475 1105 2519 versu
1126 2457 1197 2537 454

113 2558 250 2624 secundi
268 2554 355 2625 libri.

159 2663 198 2730 Ρ.
219 2665 269 2729 Pii
286 2683 335 2732 est
350 2663 452 2731 editio
469 2666 700 2748 Bononiensis,
715 2664 757 2731 de
773 2688 838 2754 qua
855 2687 963 2755 supra.

161 2772 258 2837 Viud.
277 2773 376 2837 literae
393 2773 556 2861 exemplar
566 2771 838 2855 Vindobonense,
854 2770 955 2835 modo
968 2788 1198 2840 memoratum

115 2879 227 2960 nobis,
239 2878 383 2944 indicant
395 2902 402 2944 :
415 2879 564 2967 Vindjr.
578 2902 668 2961 vero,
683 2879 902 2969 fragmentum
912 2875 1050 2955 codicis,
1062 2875 1198 2946 ibidem

116 2981 327 3067 declaratum,
342 2983 433 3072 quod
445 2978 560 3073 incipit
575 2982 617 3048 ad
628 2984 684 3048 lib.
695 2986 728 3049 ΙΙ
741 3007 788 3048 vs.
800 2981 875 3064 658,
889 2982 1147 3070 interrumpitur
1155 2986 1200 3051 ad

116 3088 172 3151 lib.
189 3090 237 3153 ΙΙΙ
250 3112 299 3153 vs.
312 3090 396 3171 6143
413 3114 473 3155 nec
489 3091 579 3179 prius
598 3088 639 3154 de
656 3113 743 3155 novo
761 3088 940 3171 exorditur,
954 3110 1052 3176 quam
1069 3089 1115 3153 ad
1137 3092 1197 3158 lib.

118 3193 163 3256 VI
177 3215 222 3256 vs.
235 3198 299 3281 747
318 3192 484 3276 devenias3
501 3193 588 3263 unde
602 3193 752 3259 adfinem
768 3194 841 3258 libri
856 3195 1061 3259 continenter
1072 3200 1198 3286 pergit.

164 3301 254 3365 Voss.
269 3301 306 3368 L.
323 3303 361 3367 B.
376 3304 466 3392 prior
483 3303 565 3367 liber
585 3303 646 3368 Ms.
662 3302 928 3367 membranaceus
948 3301 1092 3366 duorum
1117 3307 1198 3392 pul-

115 3403 351 3471 cherrimorum
370 3432 406 3473 ac
423 3407 745 3488 vetustissimorum,
763 3405 930 3496 quondam
947 3405 1046 3471 lsaaci
1062 3404 1197 3494 Vossii,

116 3511 225 3597 quiin
249 3513 446 3578 bibliotheca
464 3514 679 3578 universitatis
700 3513 853 3603 Lugduni
872 3516 1067 3577 Batavorum
1088 3535 1198 3583 asser-

115 3633 243 3700 vantur,
265 3643 351 3688 ame
369 3618 557 3710 designatus
568 3635 635 3702 est3

165 3723 255 3789 Voss.
278 3740 340 3791 vet.
366 3725 428 3814 (vel
452 3724 503 3810 M)
527 3742 634 3790 autem
657 3726 817 3815 posterior
835 3724 918 3790 liber
941 3747 949 3788 ε
974 3746 1117 3812 quorum
1139 3754 1199 3796 va.

116 3829 244 3895 rietates
262 3832 425 3896 recensuit
440 3831 690 3921 Havercampus.

165 3934 205 4008 0,
222 3934 324 4000 codex
343 3953 392 4001 est
409 3935 542 4001 Domini
559 3938 682 4021 Poore,
706 3960 804 4026 supra
820 3935 960 4004 laudati:
976 3937 1064 4025 prius
1079 3956 1197 4009 autem

29 4466 1233 4888 L—
